{"turns":28,"p1":"Zyphirex","p2":"Eagle5","p1team":[{"name":"Teddiursa","moves":["closecombat","firepunch","crunch","facade"],"ability":"Quick Feet","evs":{"hp":85,"atk":85,"def":85,"spa":85,"spd":85,"spe":85},"ivs":{"hp":31,"atk":31,"def":31,"spa":31,"spd":31,"spe":31},"item":"Toxic Orb","level":95,"shiny":false},{"name":"Wartortle","moves":["aquajet","toxic","rapidspin","scald"],"ability":"Torrent","evs":{"hp":85,"atk":85,"def":85,"spa":85,"spd":85,"spe":85},"ivs":{"hp":31,"atk":31,"def":31,"spa":31,"spd":31,"spe":31},"item":"Life Orb","level":90,"shiny":false},{"name":"Kyurem-Black","moves":["fusionbolt","icebeam","outrage","roost"],"ability":"Teravolt","evs":{"hp":85,"atk":85,"def":85,"spa":85,"spd":85,"spe":85},"ivs":{"hp":31,"atk":31,"def":31,"spa":31,"spd":31,"spe":31},"item":"Leftovers","level":74,"shiny":false},{"name":"Empoleon","moves":["roar","hiddenpowerelectric","scald","stealthrock"],"ability":"Torrent","evs":{"hp":85,"atk":85,"def":85,"spa":85,"spd":85,"spe":85},"ivs":{"hp":31,"atk":31,"def":31,"spa":30,"spd":31,"spe":31},"item":"Air Balloon","level":78,"shiny":false},{"name":"Staraptor","moves":["roost","bravebird","doubleedge","substitute"],"ability":"Intimidate","evs":{"hp":85,"atk":85,"def":85,"spa":85,"spd":85,"spe":85},"ivs":{"hp":31,"atk":31,"def":31,"spa":31,"spd":31,"spe":31},"item":"Leftovers","level":76,"shiny":false},{"name":"Tangrowth","moves":["leechseed","focusblast","hiddenpowerice","synthesis"],"ability":"Regenerator","evs":{"hp":85,"atk":85,"def":85,"spa":85,"spd":85,"spe":85},"ivs":{"hp":31,"atk":30,"def":30,"spa":31,"spd":31,"spe":31},"item":"Leftovers","level":82,"shiny":false}],"p2team":[{"name":"Combusken","moves":["substitute","batonpass","skyuppercut","flareblitz"],"ability":"Speed Boost","evs":{"hp":85,"atk":85,"def":85,"spa":85,"spd":85,"spe":85},"ivs":{"hp":31,"atk":31,"def":31,"spa":31,"spd":31,"spe":31},"item":"Leftovers","level":86,"shiny":false},{"name":"Hitmonlee","moves":["machpunch","closecombat","substitute","suckerpunch"],"ability":"Unburden","evs":{"hp":85,"atk":85,"def":85,"spa":85,"spd":85,"spe":85},"ivs":{"hp":31,"atk":31,"def":31,"spa":31,"spd":31,"spe":31},"item":"Dark Gem","level":82,"shiny":false},{"name":"Deoxys-Speed","moves":["stealthrock","reflect","lightscreen","taunt"],"ability":"Pressure","evs":{"hp":85,"atk":85,"def":85,"spa":85,"spd":85,"spe":85},"ivs":{"hp":31,"atk":31,"def":31,"spa":31,"spd":31,"spe":31},"item":"Light Clay","level":74,"shiny":false},{"name":"Ivysaur","moves":["hiddenpowerfire","leechseed","sleeppowder","powerwhip"],"ability":"Overgrow","evs":{"hp":85,"atk":85,"def":85,"spa":85,"spd":85,"spe":85},"ivs":{"hp":31,"atk":30,"def":31,"spa":30,"spd":31,"spe":30},"item":"Black Sludge","level":90,"shiny":false},{"name":"Yanmega","moves":["hiddenpowerground","airslash","bugbuzz","protect"],"ability":"Speed Boost","evs":{"hp":85,"atk":85,"def":85,"spa":85,"spd":85,"spe":85},"ivs":{"hp":31,"atk":31,"def":31,"spa":30,"spd":30,"spe":31},"item":"Leftovers","level":78,"shiny":false},{"name":"Rapagram","moves":["swordsdance","earthquake","woodhammer","leafblade"],"ability":"Overgrow","evs":{"hp":85,"atk":85,"def":85,"spa":85,"spd":85,"spe":85},"ivs":{"hp":31,"atk":31,"def":31,"spa":31,"spd":31,"spe":31},"item":"Life Orb","level":74,"shiny":false}],"log":["|player|p1|Zyphirex|266","|player|p2|Eagle5|1","|gametype|singles","|tier|Tervari Random Battle","|rated","|rule|Sleep Clause Mod: Limit one foe put to sleep","|rule|HP Percentage Mod: HP is reported as percentages","|","|start","|switch|p1a: Teddiursa|Teddiursa, L95, F|268/268","|switch|p2a: Combusken|Combusken, L86, F|243/243","|turn|1","|callback|decision","|chat|Eagle5|hehe","|chat|Eagle5|perfect","|","|move|p2a: Combusken|Substitute|p2a: Combusken","|-start|p2a: Combusken|Substitute","|-damage|p2a: Combusken|183/243","|move|p1a: Teddiursa|Facade|p2a: Combusken","|-end|p2a: Combusken|Substitute","|","|-heal|p2a: Combusken|198/243|[from] item: Leftovers","|-boost|p2a: Combusken|spe|1|[from] ability: Speed Boost","|-activate|p1a: Teddiursa|item: Toxic Orb","|-status|p1a: Teddiursa|tox","|turn|2","|callback|decision","|","|move|p2a: Combusken|Substitute|p2a: Combusken","|-start|p2a: Combusken|Substitute","|-damage|p2a: Combusken|138/243","|move|p1a: Teddiursa|Facade|p2a: Combusken","|-end|p2a: Combusken|Substitute","|","|-heal|p2a: Combusken|153/243|[from] item: Leftovers","|-damage|p1a: Teddiursa|252/268 tox|[from] psn","|-boost|p2a: Combusken|spe|1|[from] ability: Speed Boost","|turn|3","|callback|decision","|","|move|p2a: Combusken|Substitute|p2a: Combusken","|-start|p2a: Combusken|Substitute","|-damage|p2a: Combusken|93/243","|move|p1a: Teddiursa|Facade|p2a: Combusken","|-end|p2a: Combusken|Substitute","|","|-heal|p2a: Combusken|108/243|[from] item: Leftovers","|-damage|p1a: Teddiursa|220/268 tox|[from] psn","|-boost|p2a: Combusken|spe|1|[from] ability: Speed Boost","|turn|4","|callback|decision","|chat|Eagle5|aww","|chat|Eagle5|why u no switch","|","|move|p2a: Combusken|Substitute|p2a: Combusken","|-start|p2a: Combusken|Substitute","|-damage|p2a: Combusken|48/243","|move|p1a: Teddiursa|Facade|p2a: Combusken","|-end|p2a: Combusken|Substitute","|","|-heal|p2a: Combusken|63/243|[from] item: Leftovers","|-damage|p1a: Teddiursa|172/268 tox|[from] psn","|-boost|p2a: Combusken|spe|1|[from] ability: Speed Boost","|turn|5","|callback|decision","|","|move|p2a: Combusken|Sky Uppercut|p1a: Teddiursa|[miss]","|-miss|p2a: Combusken|p1a: Teddiursa","|move|p1a: Teddiursa|Facade|p2a: Combusken","|-crit|p2a: Combusken","|-damage|p2a: Combusken|0 fnt","|faint|p2a: Combusken","|","|-damage|p1a: Teddiursa|108/268 tox|[from] psn","|callback|decision","|chat|Eagle5|._.","|chat|Zyphirex|yolo","|chat|Eagle5|hmm","|chat|Eagle5|MOAR SPEED","|","|switch|p2a: Yanmega|Yanmega, L78, F|262/262","|turn|6","|callback|decision","|","|move|p2a: Yanmega|Protect|p2a: Yanmega","|-singleturn|p2a: Yanmega|Protect","|move|p1a: Teddiursa|Fire Punch|p2a: Yanmega","|-activate|p2a: Yanmega|Protect","|","|-damage|p1a: Teddiursa|28/268 tox|[from] psn","|-boost|p2a: Yanmega|spe|1|[from] ability: Speed Boost","|turn|7","|callback|decision","|","|move|p2a: Yanmega|Bug Buzz|p1a: Teddiursa","|-damage|p1a: Teddiursa|0 fnt","|faint|p1a: Teddiursa","|","|-boost|p2a: Yanmega|spe|1|[from] ability: Speed Boost","|callback|decision","|chat|Eagle5|finally e_e","|chat|Eagle5|man combusken was killed unnecesarily","|","|switch|p1a: Kyurem-Black|Kyurem-Black, L74|307/307","|-ability|p1a: Kyurem-Black|Teravolt","|turn|8","|callback|decision","|chat|Eagle5|why u no switch :<","|chat|Eagle5|AAAAAA","|","|move|p2a: Yanmega|Protect|p2a: Yanmega","|-singleturn|p2a: Yanmega|Protect","|move|p1a: Kyurem-Black|Fusion Bolt|p2a: Yanmega","|-activate|p2a: Yanmega|Protect","|","|-boost|p2a: Yanmega|spe|1|[from] ability: Speed Boost","|turn|9","|callback|decision","|","|switch|p2a: Ivysaur|Ivysaur, L90, M|254/254","|move|p1a: Kyurem-Black|Fusion Bolt|p2a: Ivysaur","|-resisted|p2a: Ivysaur","|-damage|p2a: Ivysaur|201/254","|","|-heal|p2a: Ivysaur|216/254|[from] item: Black Sludge","|turn|10","|callback|decision","|","|move|p1a: Kyurem-Black|Ice Beam|p2a: Ivysaur","|-supereffective|p2a: Ivysaur","|-damage|p2a: Ivysaur|46/254","|move|p2a: Ivysaur|Sleep Powder|p1a: Kyurem-Black","|-status|p1a: Kyurem-Black|slp","|","|-heal|p2a: Ivysaur|61/254|[from] item: Black Sludge","|turn|11","|callback|decision","|","|switch|p1a: Staraptor|Staraptor, L76, M|254/254","|-ability|p1a: Staraptor|Intimidate|[of] p2a: Ivysaur","|-unboost|p2a: Ivysaur|atk|1","|switch|p2a: Hitmonlee|Hitmonlee, L82, M|216/216","|","|turn|12","|callback|decision","|chat|Eagle5|awww","|chat|Zyphirex|lol","|","|switch|p2a: Ivysaur|Ivysaur, L90, M|61/254","|move|p1a: Staraptor|Brave Bird|p2a: Ivysaur","|-supereffective|p2a: Ivysaur","|-damage|p2a: Ivysaur|0 fnt","|-damage|p1a: Staraptor|234/254|[from] recoil|[of] p2a: Ivysaur","|faint|p2a: Ivysaur","|","|-heal|p1a: Staraptor|249/254|[from] item: Leftovers","|callback|decision","|chat|Eagle5|man i'm in a bad spot right now","|chat|Zyphirex|i <3 winning","|chat|Zyphirex|:p","|chat|Eagle5|k ","|chat|Eagle5|so i have hitmonlee","|chat|Eagle5|obv can't switch in to staraptor","|chat|Eagle5|i have deoxys - s!","|chat|Eagle5|doesn't have an attack","|chat|Zyphirex|lol","|chat|Eagle5|i have yanmega!","|chat|Zyphirex|-.-","|chat|Eagle5|can't switch in","|chat|Zyphirex|i don't need an analysis","|chat|Zyphirex|:p","|chat|Eagle5|so","|chat|Eagle5|my mystery pokemon....","|","|switch|p2a: Deoxys-Speed|Deoxys-Speed, L74|196/196","|-ability|p2a: Deoxys-Speed|Pressure","|turn|13","|callback|decision","|chat|Zyphirex|lol","|chat|Eagle5|HNNN","|","|move|p2a: Deoxys-Speed|Reflect|p2a: Deoxys-Speed","|-sidestart|p2: Eagle5|Reflect","|move|p1a: Staraptor|Substitute|p1a: Staraptor","|-start|p1a: Staraptor|Substitute","|-damage|p1a: Staraptor|186/254","|","|-heal|p1a: Staraptor|201/254|[from] item: Leftovers","|turn|14","|callback|decision","|chat|Eagle5|crap","|","|move|p2a: Deoxys-Speed|Stealth Rock|p1a: Staraptor","|-sidestart|p1: Zyphirex|move: Stealth Rock","|move|p1a: Staraptor|Double-Edge|p2a: Deoxys-Speed","|-crit|p2a: Deoxys-Speed","|-damage|p2a: Deoxys-Speed|0 fnt","|-damage|p1a: Staraptor|136/254|[from] recoil|[of] p2a: Deoxys-Speed","|faint|p2a: Deoxys-Speed","|","|-heal|p1a: Staraptor|151/254|[from] item: Leftovers","|callback|decision","|chat|Eagle5|crap","|chat|Zyphirex|lol","|","|switch|p2a: Yanmega|Yanmega, L78, F|262/262","|turn|15","|callback|decision","|chat|Eagle5|MY PLAN","|chat|Eagle5|LGI","|","|move|p2a: Yanmega|Protect|p2a: Yanmega","|-singleturn|p2a: Yanmega|Protect","|move|p1a: Staraptor|Brave Bird|p2a: Yanmega","|-activate|p2a: Yanmega|Protect","|","|-heal|p1a: Staraptor|166/254|[from] item: Leftovers","|-boost|p2a: Yanmega|spe|1|[from] ability: Speed Boost","|turn|16","|callback|decision","|chat|Zyphirex|lol","|chat|Zyphirex|your plan is to waste reflect away?","|chat|Eagle5|my plan is to survive 1 BB","|chat|Zyphirex|XD","|","|move|p2a: Yanmega|Air Slash|p1a: Staraptor","|-end|p1a: Staraptor|Substitute","|move|p1a: Staraptor|Brave Bird|p2a: Yanmega","|-supereffective|p2a: Yanmega","|-damage|p2a: Yanmega|129/262","|-damage|p1a: Staraptor|122/254|[from] recoil|[of] p2a: Yanmega","|","|-heal|p2a: Yanmega|145/262|[from] item: Leftovers","|-heal|p1a: Staraptor|137/254|[from] item: Leftovers","|-boost|p2a: Yanmega|spe|1|[from] ability: Speed Boost","|turn|17","|callback|decision","|chat|Eagle5|YUS","|","|move|p2a: Yanmega|Air Slash|p1a: Staraptor","|-damage|p1a: Staraptor|11/254","|move|p1a: Staraptor|Substitute|p1a: Staraptor","|-fail|p1a: Staraptor|move: Substitute|[weak]","|","|-heal|p2a: Yanmega|161/262|[from] item: Leftovers","|-heal|p1a: Staraptor|26/254|[from] item: Leftovers","|-boost|p2a: Yanmega|spe|1|[from] ability: Speed Boost","|turn|18","|callback|decision","|chat|Eagle5|HNNNN","|chat|Eagle5|YUS","|chat|Zyphirex|sheeeeeet","|","|move|p2a: Yanmega|Air Slash|p1a: Staraptor","|-damage|p1a: Staraptor|0 fnt","|faint|p1a: Staraptor","|","|-heal|p2a: Yanmega|177/262|[from] item: Leftovers","|-boost|p2a: Yanmega|spe|1|[from] ability: Speed Boost","|callback|decision","|chat|Eagle5|YESSS","|chat|Eagle5|PLAN WORKED","|","|switch|p1a: Empoleon|Empoleon, L78, M|259/259","|-damage|p1a: Empoleon|243/259|[from] Stealth Rock","|-item|p1a: Empoleon|Air Balloon","|turn|19","|callback|decision","|","|move|p2a: Yanmega|Hidden Power|p1a: Empoleon","|-immune|p1a: Empoleon|[msg]","|move|p1a: Empoleon|Hidden Power|p2a: Yanmega","|-supereffective|p2a: Yanmega","|-damage|p2a: Yanmega|45/262","|","|-heal|p2a: Yanmega|61/262|[from] item: Leftovers","|-boost|p2a: Yanmega|spe|1|[from] ability: Speed Boost","|turn|20","|callback|decision","|chat|Eagle5|feck","|chat|Eagle5|forgot","|chat|Zyphirex|lolwut","|","|move|p2a: Yanmega|Protect|p2a: Yanmega","|-singleturn|p2a: Yanmega|Protect","|move|p1a: Empoleon|Scald|p2a: Yanmega","|-activate|p2a: Yanmega|Protect","|","|-heal|p2a: Yanmega|77/262|[from] item: Leftovers","|-sideend|p2: Eagle5|Reflect","|-boost|p2a: Yanmega|spe|1|[from] ability: Speed Boost","|turn|21","|callback|decision","|chat|Eagle5|k my plan","|chat|Eagle5|is to flinch","|","|move|p2a: Yanmega|Air Slash|p1a: Empoleon","|-resisted|p1a: Empoleon","|-damage|p1a: Empoleon|206/259","|-enditem|p1a: Empoleon|Air Balloon","|cant|p1a: Empoleon|flinch","|","|-heal|p2a: Yanmega|93/262|[from] item: Leftovers","|turn|22","|callback|decision","|chat|Eagle5|YES","|chat|Zyphirex|-.-","|chat|Zyphirex|ARE YOU FKING SRS","|","|move|p2a: Yanmega|Hidden Power|p1a: Empoleon","|-supereffective|p1a: Empoleon","|-damage|p1a: Empoleon|104/259","|move|p1a: Empoleon|Scald|p2a: Yanmega","|-crit|p2a: Yanmega","|-damage|p2a: Yanmega|0 fnt","|faint|p2a: Yanmega","|","|callback|decision","|chat|Eagle5|oh","|","|switch|p2a: Hitmonlee|Hitmonlee, L82, M|216/216","|turn|23","|callback|decision","|chat|Eagle5|MEH","|","|move|p2a: Hitmonlee|Substitute|p2a: Hitmonlee","|-start|p2a: Hitmonlee|Substitute","|-damage|p2a: Hitmonlee|162/216","|move|p1a: Empoleon|Scald|p2a: Hitmonlee","|-end|p2a: Hitmonlee|Substitute","|","|turn|24","|callback|decision","|chat|Zyphirex|nope.avi","|chat|Zyphirex|:p","|chat|Eagle5|godammmit","|","|move|p2a: Hitmonlee|Mach Punch|p1a: Empoleon","|-supereffective|p1a: Empoleon","|-damage|p1a: Empoleon|2/259","|move|p1a: Empoleon|Scald|p2a: Hitmonlee","|-damage|p2a: Hitmonlee|53/216","|","|turn|25","|callback|decision","|chat|Zyphirex|WOOOT","|chat|Eagle5|e_e","|chat|Zyphirex|CLUTCH","|chat|Zyphirex|lol","|","|move|p2a: Hitmonlee|Mach Punch|p1a: Empoleon","|-supereffective|p1a: Empoleon","|-damage|p1a: Empoleon|0 fnt","|faint|p1a: Empoleon","|","|callback|decision","|","|switch|p1a: Wartortle|Wartortle, L90, F|253/253","|-damage|p1a: Wartortle|222/253|[from] Stealth Rock","|turn|26","|callback|decision","|chat|Eagle5|gogo hitmonlee","|","|move|p2a: Hitmonlee|Close Combat|p1a: Wartortle","|-damage|p1a: Wartortle|72/253","|-unboost|p2a: Hitmonlee|def|1","|-unboost|p2a: Hitmonlee|spd|1","|move|p1a: Wartortle|Scald|p2a: Hitmonlee","|-damage|p2a: Hitmonlee|0 fnt","|-damage|p1a: Wartortle|47/253|[from] item: Life Orb","|faint|p2a: Hitmonlee","|","|callback|decision","|chat|Eagle5|aww","|chat|Zyphirex|lol","|chat|Eagle5|LOOKS LIKE IT'S UP TO MY LAST POKE","|chat|Eagle5|i wonder what it is...","|","|switch|p2a: Rapagram|Rapagram, L74, M|240/240","|turn|27","|callback|decision","|chat|Zyphirex|inb4 arceus","|chat|Zyphirex|:p","|chat|Eagle5|lgi","|chat|Zyphirex|damn","|chat|Eagle5|oo ooo oooooh","|chat|Zyphirex|hmm","|chat|Eagle5|godammit","|chat|Eagle5|stop searching for its type and play","|chat|Zyphirex|lol","|chat|Zyphirex|i know its type","|chat|Zyphirex|and its moves","|chat|Zyphirex|:p","|","|move|p2a: Rapagram|Swords Dance|p2a: Rapagram","|-boost|p2a: Rapagram|atk|2","|move|p1a: Wartortle|Scald|p2a: Rapagram","|-damage|p2a: Rapagram|66/240","|-damage|p1a: Wartortle|22/253|[from] item: Life Orb","|","|turn|28","|callback|decision","|chat|Eagle5|there we go","|chat|Eagle5|man","|chat|Eagle5|i don't","|","|move|p1a: Wartortle|Aqua Jet|p2a: Rapagram","|-damage|p2a: Rapagram|0 fnt","|-damage|p1a: Wartortle|0 fnt|[from] item: Life Orb","|faint|p2a: Rapagram","|faint|p1a: Wartortle","|","|win|Zyphirex"],"p1rating":{"entryid":"1492207","serverid":"tervari","formatid":"tervarirandombattle","userid":"zyphirex","username":"Zyphirex","w":2,"l":"0","t":"0","gxe":69.8,"r":"1500","rd":"350","sigma":"0.06","rptime":"1375574400","rpr":1747.318072337,"rprd":253.40460264092,"rpsigma":0.060000168996484,"acre":1390.5465294232,"lacre":-3609.4534705768,"oldacre":1253.5671558013,"oldrdacre":1338.5743355711},"p2rating":{"entryid":1492269,"formatid":"tervarirandombattle","userid":"eagle5","username":"Eagle5","r":1500,"rd":350,"sigma":0.06,"rpr":1383.358081004,"rprd":286.92720385761,"rpsigma":0.059998373495221,"gxe":40.5,"rptime":1375574400,"w":0,"l":1,"t":0,"acre":979.38964413518,"lacre":-4020.6103558648,"oldacre":1007.0121159332,"oldrdacre":890.3701969372},"endType":"normal"}