{"turns":18,"p1":"Necris","p2":"SteelgrassifyTest","p1team":[{"name":"Onix","moves":["earthquake","stealthrock","dragontail","stoneedge"],"ability":"Sturdy","evs":{"hp":85,"atk":85,"def":85,"spa":85,"spd":85,"spe":85},"ivs":{"hp":31,"atk":31,"def":31,"spa":31,"spd":31,"spe":31},"item":"Air Balloon","level":95,"shiny":false},{"name":"Delibird","moves":["iceshard","aerialace","rapidspin","icepunch"],"ability":"Hustle","evs":{"hp":85,"atk":85,"def":85,"spa":85,"spd":85,"spe":85},"ivs":{"hp":31,"atk":31,"def":31,"spa":31,"spd":31,"spe":31},"item":"Leftovers","level":95,"shiny":false},{"name":"Reuniclus","moves":["psyshock","recover","focusblast","shadowball"],"ability":"Magic Guard","evs":{"hp":85,"atk":85,"def":85,"spa":85,"spd":85,"spe":85},"ivs":{"hp":31,"atk":31,"def":31,"spa":31,"spd":31,"spe":31},"item":"Life Orb","level":74,"shiny":false},{"name":"Scrafty","moves":["crunch","drainpunch","icepunch","bulkup"],"ability":"Moxie","evs":{"hp":85,"atk":85,"def":85,"spa":85,"spd":85,"spe":85},"ivs":{"hp":31,"atk":31,"def":31,"spa":31,"spd":31,"spe":31},"item":"Life Orb","level":78,"shiny":false},{"name":"Skorupi","moves":["poisonjab","protect","xscissor","toxicspikes"],"ability":"Battle Armor","evs":{"hp":85,"atk":85,"def":85,"spa":85,"spd":85,"spe":85},"ivs":{"hp":31,"atk":31,"def":31,"spa":31,"spd":31,"spe":31},"item":"Black Sludge","level":95,"shiny":false},{"name":"Raticate","moves":["suckerpunch","facade","flamewheel","uturn"],"ability":"Guts","evs":{"hp":85,"atk":85,"def":85,"spa":85,"spd":85,"spe":85},"ivs":{"hp":31,"atk":31,"def":31,"spa":31,"spd":31,"spe":31},"item":"Toxic Orb","level":86,"shiny":false}],"p2team":[{"name":"Tornadus-Therian","moves":["heatwave","airslash","focusblast","uturn"],"ability":"Regenerator","evs":{"hp":85,"atk":85,"def":85,"spa":85,"spd":85,"spe":85},"ivs":{"hp":31,"atk":31,"def":31,"spa":31,"spd":31,"spe":31},"item":"Expert Belt","level":74,"shiny":false},{"name":"Beheeyem","moves":["hiddenpowerfighting","calmmind","psychic","thunderbolt"],"ability":"Synchronize","evs":{"hp":85,"atk":85,"def":85,"spa":85,"spd":85,"spe":85},"ivs":{"hp":31,"atk":31,"def":30,"spa":30,"spd":30,"spe":30},"item":"Life Orb","level":86,"shiny":false},{"name":"Shaymin-Sky","moves":["substitute","seedflare","leechseed","hiddenpowerice"],"ability":"Serene Grace","evs":{"hp":85,"atk":85,"def":85,"spa":85,"spd":85,"spe":85},"ivs":{"hp":31,"atk":30,"def":30,"spa":31,"spd":31,"spe":31},"item":"Leftovers","level":70,"shiny":false},{"name":"Plusle","moves":["thunderbolt","batonpass","hiddenpowerice","nastyplot"],"ability":"Plus","evs":{"hp":85,"atk":85,"def":85,"spa":85,"spd":85,"spe":85},"ivs":{"hp":31,"atk":30,"def":30,"spa":31,"spd":31,"spe":31},"item":"Air Balloon","level":86,"shiny":false},{"name":"Granbull","moves":["healbell","thunderwave","crunch","icepunch"],"ability":"Intimidate","evs":{"hp":85,"atk":85,"def":85,"spa":85,"spd":85,"spe":85},"ivs":{"hp":31,"atk":31,"def":31,"spa":31,"spd":31,"spe":31},"item":"Leftovers","level":86,"shiny":false},{"name":"Latias","moves":["roost","calmmind","thunderbolt","surf"],"ability":"Levitate","evs":{"hp":85,"atk":85,"def":85,"spa":85,"spd":85,"spe":85},"ivs":{"hp":31,"atk":31,"def":31,"spa":31,"spd":31,"spe":31},"item":"Leftovers","level":74,"shiny":false}],"log":["|player|p1|Necris|54","|player|p2|SteelgrassifyTest|65","|gametype|singles","|tier|Random Battle","|rated","|rule|Sleep Clause Mod: Limit one foe put to sleep","|rule|HP Percentage Mod: HP is reported as percentages","|","|start","|switch|p1a: Onix|Onix, L95, M|220/220","|switch|p2a: Tornadus-Therian|Tornadus-Therian, L74, M|239/239","|-item|p1a: Onix|Air Balloon","|turn|1","|callback|decision","|","|switch|p2a: Shaymin-Sky|Shaymin-Sky, L70|256/256","|move|p1a: Onix|Stealth Rock|p2a: Shaymin-Sky","|-sidestart|p2: SteelgrassifyTest|move: Stealth Rock","|","|turn|2","|callback|decision","|chat|Mr.ShinyMudkip|>=D hio","|chat|Necris|hi","|","|move|p2a: Shaymin-Sky|Seed Flare|p1a: Onix|[miss]","|-miss|p2a: Shaymin-Sky|p1a: Onix","|move|p1a: Onix|Stone Edge|p2a: Shaymin-Sky","|-supereffective|p2a: Shaymin-Sky","|-damage|p2a: Shaymin-Sky|34/256","|","|-heal|p2a: Shaymin-Sky|50/256|[from] item: Leftovers","|turn|3","|callback|decision","|","|move|p2a: Shaymin-Sky|Seed Flare|p1a: Onix","|-supereffective|p1a: Onix","|-activate|p1a: Onix|Sturdy","|-damage|p1a: Onix|1/220","|-enditem|p1a: Onix|Air Balloon","|-unboost|p1a: Onix|spd|2","|move|p1a: Onix|Dragon Tail|p2a: Shaymin-Sky","|-damage|p2a: Shaymin-Sky|7/256","|drag|p2a: Latias|Latias, L74, F|240/240","|-damage|p2a: Latias|210/240|[from] Stealth Rock","|","|-heal|p2a: Latias|225/240|[from] item: Leftovers","|turn|4","|callback|decision","|chat|Mr.ShinyMudkip|xD","|","|move|p2a: Latias|Surf|p1a: Onix","|-supereffective|p1a: Onix","|-damage|p1a: Onix|0 fnt","|faint|p1a: Onix","|","|-heal|p2a: Latias|240/240|[from] item: Leftovers","|callback|decision","|chat|SteelgrassifyTest|that's just mean xd","|","|switch|p1a: Delibird|Delibird, L95, F|239/239","|turn|5","|callback|decision","|","|move|p2a: Latias|Thunderbolt|p1a: Delibird","|-supereffective|p1a: Delibird","|-damage|p1a: Delibird|75/239","|move|p1a: Delibird|Ice Punch|p2a: Latias","|-supereffective|p2a: Latias","|-damage|p2a: Latias|10/240","|","|-heal|p2a: Latias|25/240|[from] item: Leftovers","|-heal|p1a: Delibird|89/239|[from] item: Leftovers","|turn|6","|callback|decision","|chat|Mr.ShinyMudkip|DAng son","|","|move|p1a: Delibird|Ice Shard|p2a: Latias","|-supereffective|p2a: Latias","|-damage|p2a: Latias|0 fnt","|faint|p2a: Latias","|","|-heal|p1a: Delibird|103/239|[from] item: Leftovers","|callback|decision","|chat|Necris|lol","|","|switch|p2a: Granbull|Granbull, L86, M|295/295","|-damage|p2a: Granbull|259/295|[from] Stealth Rock","|-ability|p2a: Granbull|Intimidate|[of] p1a: Delibird","|-unboost|p1a: Delibird|atk|1","|turn|7","|callback|decision","|","|move|p1a: Delibird|Ice Punch|p2a: Granbull","|-damage|p2a: Granbull|183/295","|move|p2a: Granbull|Crunch|p1a: Delibird","|-damage|p1a: Delibird|12/239","|","|-heal|p1a: Delibird|26/239|[from] item: Leftovers","|-heal|p2a: Granbull|201/295|[from] item: Leftovers","|turn|8","|callback|decision","|","|move|p1a: Delibird|Ice Punch|p2a: Granbull","|-damage|p2a: Granbull|126/295","|move|p2a: Granbull|Crunch|p1a: Delibird","|-crit|p1a: Delibird","|-damage|p1a: Delibird|0 fnt","|faint|p1a: Delibird","|","|-heal|p2a: Granbull|144/295|[from] item: Leftovers","|callback|decision","|","|switch|p1a: Reuniclus|Reuniclus, L74, F|285/285","|turn|9","|callback|decision","|","|move|p2a: Granbull|Crunch|p1a: Reuniclus","|-supereffective|p1a: Reuniclus","|-damage|p1a: Reuniclus|117/285","|move|p1a: Reuniclus|Focus Blast|p2a: Granbull","|-supereffective|p2a: Granbull","|-damage|p2a: Granbull|0 fnt","|faint|p2a: Granbull","|","|callback|decision","|chat|Mr.ShinyMudkip|Dang son","|","|switch|p2a: Tornadus-Therian|Tornadus-Therian, L74, M|239/239","|-damage|p2a: Tornadus-Therian|180/239|[from] Stealth Rock","|turn|10","|callback|decision","|","|move|p2a: Tornadus-Therian|U-turn|p1a: Reuniclus","|-supereffective|p1a: Reuniclus","|-damage|p1a: Reuniclus|5/285","|callback|decision","|","|switch|p2a: Shaymin-Sky|Shaymin-Sky, L70|7/256","|-damage|p2a: Shaymin-Sky|0 fnt|[from] Stealth Rock","|faint|p2a: Shaymin-Sky","|move|p1a: Reuniclus|Recover|p1a: Reuniclus","|-heal|p1a: Reuniclus|148/285","|","|callback|decision","|","|switch|p2a: Tornadus-Therian|Tornadus-Therian, L74, M|239/239","|-damage|p2a: Tornadus-Therian|180/239|[from] Stealth Rock","|turn|11","|callback|decision","|","|move|p2a: Tornadus-Therian|Air Slash|p1a: Reuniclus","|-damage|p1a: Reuniclus|66/285","|move|p1a: Reuniclus|Psyshock|p2a: Tornadus-Therian","|-damage|p2a: Tornadus-Therian|62/239","|","|turn|12","|callback|decision","|","|move|p2a: Tornadus-Therian|U-turn|p1a: Reuniclus","|-supereffective|p1a: Reuniclus","|-damage|p1a: Reuniclus|0 fnt","|faint|p1a: Reuniclus","|callback|decision","|","|switch|p2a: Plusle|Plusle, L86, M|243/243","|-damage|p2a: Plusle|213/243|[from] Stealth Rock","|-item|p2a: Plusle|Air Balloon","|","|callback|decision","|","|switch|p1a: Skorupi|Skorupi, L95, F|230/230","|turn|13","|callback|decision","|","|move|p2a: Plusle|Thunderbolt|p1a: Skorupi","|-damage|p1a: Skorupi|104/230","|move|p1a: Skorupi|Poison Jab|p2a: Plusle","|-damage|p2a: Plusle|105/243","|-enditem|p2a: Plusle|Air Balloon","|","|-heal|p1a: Skorupi|118/230|[from] item: Black Sludge","|turn|14","|callback|decision","|","|move|p2a: Plusle|Thunderbolt|p1a: Skorupi","|-damage|p1a: Skorupi|0 fnt","|faint|p1a: Skorupi","|","|callback|decision","|","|switch|p1a: Raticate|Raticate, L86, M|235/235","|turn|15","|callback|decision","|","|move|p1a: Raticate|Flame Wheel|p2a: Plusle","|-damage|p2a: Plusle|38/243","|move|p2a: Plusle|Thunderbolt|p1a: Raticate","|-damage|p1a: Raticate|127/235","|","|-activate|p1a: Raticate|item: Toxic Orb","|-status|p1a: Raticate|tox","|turn|16","|callback|decision","|","|move|p1a: Raticate|U-turn|p2a: Plusle","|-damage|p2a: Plusle|0 fnt","|faint|p2a: Plusle","|callback|decision","|","|switch|p1a: Scrafty|Scrafty, L78, F|229/229","|","|callback|decision","|","|switch|p2a: Tornadus-Therian|Tornadus-Therian, L74, M|141/239","|-damage|p2a: Tornadus-Therian|82/239|[from] Stealth Rock","|turn|17","|callback|decision","|","|move|p2a: Tornadus-Therian|Focus Blast|p1a: Scrafty|[miss]","|-miss|p2a: Tornadus-Therian|p1a: Scrafty","|move|p1a: Scrafty|Ice Punch|p2a: Tornadus-Therian","|-supereffective|p2a: Tornadus-Therian","|-damage|p2a: Tornadus-Therian|0 fnt","|-damage|p1a: Scrafty|207/229|[from] item: Life Orb","|faint|p2a: Tornadus-Therian","|-boost|p1a: Scrafty|atk|1|[from] ability: Moxie","|","|callback|decision","|chat|Necris|so close","|chat|SteelgrassifyTest|well that's gg xD","|","|switch|p2a: Beheeyem|Beheeyem, L86, M|269/269","|-damage|p2a: Beheeyem|236/269|[from] Stealth Rock","|turn|18","|callback|decision","|chat|Mr.ShinyMudkip|O_o","|chat|Necris|im really lucky today","|","|move|p1a: Scrafty|Crunch|p2a: Beheeyem","|-supereffective|p2a: Beheeyem","|-damage|p2a: Beheeyem|0 fnt","|-damage|p1a: Scrafty|185/229|[from] item: Life Orb","|faint|p2a: Beheeyem","|-boost|p1a: Scrafty|atk|1|[from] ability: Moxie","|","|win|Necris"],"endType":"normal","ladderError":true}