{"turns":56,"p1":"Glistering Aeon","p2":"BDH93","p1team":[{"name":"Tentacool","moves":["toxic","knockoff","gigadrain","scald"],"ability":"Clear Body","evs":{"hp":85,"atk":85,"def":85,"spa":85,"spd":85,"spe":85},"ivs":{"hp":31,"atk":31,"def":31,"spa":31,"spd":31,"spe":31},"item":"Focus Sash","level":95,"shiny":false},{"name":"Oceagon","moves":["shellsmash","dragonpulse","fireblast","waterspout"],"ability":"Rain Dish","evs":{"hp":85,"atk":85,"def":85,"spa":85,"spd":85,"spe":85},"ivs":{"hp":31,"atk":31,"def":31,"spa":31,"spd":31,"spe":31},"item":"White Herb","level":70,"shiny":false},{"name":"Uxie","moves":["uturn","yawn","toxic","healbell"],"ability":"Levitate","evs":{"hp":85,"atk":85,"def":85,"spa":85,"spd":85,"spe":85},"ivs":{"hp":31,"atk":31,"def":31,"spa":31,"spd":31,"spe":31},"item":"Leftovers","level":82,"shiny":false},{"name":"Diglett","moves":["rockslide","substitute","reversal","suckerpunch"],"ability":"Arena Trap","evs":{"hp":85,"atk":85,"def":85,"spa":85,"spd":85,"spe":85},"ivs":{"hp":31,"atk":31,"def":31,"spa":31,"spd":31,"spe":31},"item":"Fighting Gem","level":95,"shiny":false},{"name":"Shaymin","moves":["leechseed","airslash","substitute","earthpower"],"ability":"Natural Cure","evs":{"hp":85,"atk":85,"def":85,"spa":85,"spd":85,"spe":85},"ivs":{"hp":31,"atk":31,"def":31,"spa":31,"spd":31,"spe":31},"item":"Leftovers","level":78,"shiny":false},{"name":"Houndour","moves":["nastyplot","hiddenpowerfighting","fireblast","suckerpunch"],"ability":"Flash Fire","evs":{"hp":85,"atk":85,"def":85,"spa":85,"spd":85,"spe":85},"ivs":{"hp":31,"atk":31,"def":30,"spa":30,"spd":30,"spe":30},"item":"Life Orb","level":95,"shiny":false}],"p2team":[{"name":"Exploud","moves":["focusblast","surf","icebeam","hypervoice"],"ability":"Scrappy","evs":{"hp":85,"atk":85,"def":85,"spa":85,"spd":85,"spe":85},"ivs":{"hp":31,"atk":31,"def":31,"spa":31,"spd":31,"spe":31},"item":"Choice Specs","level":86,"shiny":false},{"name":"Oceagon","moves":["hydropump","glare","icebeam","dragonpulse"],"ability":"Rain Dish","evs":{"hp":85,"atk":85,"def":85,"spa":85,"spd":85,"spe":85},"ivs":{"hp":31,"atk":31,"def":31,"spa":31,"spd":31,"spe":31},"item":"Leftovers","level":70,"shiny":false},{"name":"Mienshao","moves":["fakeout","swordsdance","batonpass","hijumpkick"],"ability":"Regenerator","evs":{"hp":85,"atk":85,"def":85,"spa":85,"spd":85,"spe":85},"ivs":{"hp":31,"atk":31,"def":31,"spa":31,"spd":31,"spe":31},"item":"Leftovers","level":78,"shiny":false},{"name":"Hypno","moves":["toxic","shadowball","psychic","calmmind"],"ability":"Insomnia","evs":{"hp":85,"atk":85,"def":85,"spa":85,"spd":85,"spe":85},"ivs":{"hp":31,"atk":31,"def":31,"spa":31,"spd":31,"spe":31},"item":"Leftovers","level":86,"shiny":false},{"name":"Tranquill","moves":["return","detect","pluck","uturn"],"ability":"Super Luck","evs":{"hp":85,"atk":85,"def":85,"spa":85,"spd":85,"spe":85},"ivs":{"hp":31,"atk":31,"def":31,"spa":31,"spd":31,"spe":31},"item":"Leftovers","level":90,"shiny":false},{"name":"Yamask","moves":["hiddenpowerfighting","haze","trickroom","rest"],"ability":"Mummy","evs":{"hp":85,"atk":85,"def":85,"spa":85,"spd":85,"spe":0},"ivs":{"hp":31,"atk":31,"def":30,"spa":30,"spd":30,"spe":0},"item":"Chesto Berry","level":95,"shiny":false}],"log":["|player|p1|Glistering Aeon|285","|player|p2|BDH93|59","|gametype|singles","|tier|Tervari Random Battle","|rated","|rule|Sleep Clause Mod: Limit one foe put to sleep","|rule|HP Percentage Mod: HP is reported as percentages","|","|start","|switch|p1a: Tentacool|Tentacool, L95, F|230/230","|switch|p2a: Exploud|Exploud, L86, M|319/319","|turn|1","|callback|decision","|","|switch|p2a: Hypno|Hypno, L86, F|286/286","|move|p1a: Tentacool|Toxic|p2a: Hypno|[miss]","|-miss|p1a: Tentacool|p2a: Hypno","|","|turn|2","|callback|decision","|","|switch|p1a: Houndour|Houndour, L95, M|239/239","|move|p2a: Hypno|Calm Mind|p2a: Hypno","|-boost|p2a: Hypno|spa|1","|-boost|p2a: Hypno|spd|1","|","|turn|3","|callback|decision","|chat|Glistering Aeon|This is a terrible set...","|","|switch|p2a: Mienshao|Mienshao, L78, M|229/229","|move|p1a: Houndour|Nasty Plot|p1a: Houndour","|-boost|p1a: Houndour|spa|2","|","|turn|4","|callback|decision","|","|move|p2a: Mienshao|Fake Out|p1a: Houndour","|-damage|p1a: Houndour|187/239","|cant|p1a: Houndour|flinch","|","|turn|5","|callback|decision","|chat|Snaquaza|any Oceagon?","|chat|BDH93|yep","|","|move|p2a: Mienshao|Swords Dance|p2a: Mienshao","|-boost|p2a: Mienshao|atk|2","|move|p1a: Houndour|Fire Blast|p2a: Mienshao","|-damage|p2a: Mienshao|0 fnt","|-damage|p1a: Houndour|164/239|[from] item: Life Orb","|faint|p2a: Mienshao","|","|callback|decision","|chat|Glistering Aeon|yes","|chat|Snaquaza|good ^_^","|","|switch|p2a: Tranquill|Tranquill, L90, F|258/258","|turn|6","|callback|decision","|","|move|p1a: Houndour|Fire Blast|p2a: Tranquill","|-damage|p2a: Tranquill|0 fnt","|-damage|p1a: Houndour|141/239|[from] item: Life Orb","|faint|p2a: Tranquill","|","|callback|decision","|","|switch|p2a: Oceagon|Oceagon, L70, F|255/255","|turn|7","|callback|decision","|","|move|p1a: Houndour|Hidden Power|p2a: Oceagon","|-damage|p2a: Oceagon|137/255","|-damage|p1a: Houndour|118/239|[from] item: Life Orb","|move|p2a: Oceagon|Hydro Pump|p1a: Houndour","|-supereffective|p1a: Houndour","|-damage|p1a: Houndour|0 fnt","|faint|p1a: Houndour","|","|-heal|p2a: Oceagon|152/255|[from] item: Leftovers","|callback|decision","|","|switch|p1a: Oceagon|Oceagon, L70, M|255/255","|turn|8","|callback|decision","|","|move|p2a: Oceagon|Dragon Pulse|p1a: Oceagon","|-crit|p1a: Oceagon","|-supereffective|p1a: Oceagon","|-damage|p1a: Oceagon|0 fnt","|faint|p1a: Oceagon","|","|-heal|p2a: Oceagon|167/255|[from] item: Leftovers","|callback|decision","|chat|Necris|lol","|chat|Glistering Aeon|:<","|chat|BDH93|:)","|chat|Necris|that was so fast","|chat|Necris|the hp went down","|chat|Glistering Aeon|I had the shell smash set too","|","|switch|p1a: Diglett|Diglett, L95, M|173/173","|turn|9","|callback|decision","|","|move|p1a: Diglett|Substitute|p1a: Diglett","|-start|p1a: Diglett|Substitute","|-damage|p1a: Diglett|130/173","|move|p2a: Oceagon|Hydro Pump|p1a: Diglett","|-supereffective|p1a: Diglett","|-end|p1a: Diglett|Substitute","|","|-heal|p2a: Oceagon|182/255|[from] item: Leftovers","|turn|10","|callback|decision","|","|move|p1a: Diglett|Substitute|p1a: Diglett","|-start|p1a: Diglett|Substitute","|-damage|p1a: Diglett|87/173","|move|p2a: Oceagon|Ice Beam|p1a: Diglett","|-crit|p1a: Diglett","|-supereffective|p1a: Diglett","|-end|p1a: Diglett|Substitute","|","|-heal|p2a: Oceagon|197/255|[from] item: Leftovers","|turn|11","|callback|decision","|chat|Glistering Aeon|How many crits can this thing get XD","|","|move|p1a: Diglett|Substitute|p1a: Diglett","|-start|p1a: Diglett|Substitute","|-damage|p1a: Diglett|44/173","|move|p2a: Oceagon|Ice Beam|p1a: Diglett","|-supereffective|p1a: Diglett","|-end|p1a: Diglett|Substitute","|","|-heal|p2a: Oceagon|212/255|[from] item: Leftovers","|turn|12","|callback|decision","|","|move|p1a: Diglett|Substitute|p1a: Diglett","|-start|p1a: Diglett|Substitute","|-damage|p1a: Diglett|1/173","|move|p2a: Oceagon|Ice Beam|p1a: Diglett","|-supereffective|p1a: Diglett","|-end|p1a: Diglett|Substitute","|","|-heal|p2a: Oceagon|227/255|[from] item: Leftovers","|turn|13","|callback|decision","|","|move|p1a: Diglett|Reversal|p2a: Oceagon","|-enditem|p1a: Diglett|Fighting Gem|[from] gem|[move] Reversal","|-damage|p2a: Oceagon|65/255","|move|p2a: Oceagon|Ice Beam|p1a: Diglett","|-supereffective|p1a: Diglett","|-damage|p1a: Diglett|0 fnt","|faint|p1a: Diglett","|","|-heal|p2a: Oceagon|80/255|[from] item: Leftovers","|callback|decision","|","|switch|p1a: Uxie|Uxie, L82|257/257","|turn|14","|callback|decision","|","|move|p1a: Uxie|Yawn|p2a: Oceagon","|-start|p2a: Oceagon|move: Yawn|[of] p1a: Uxie","|move|p2a: Oceagon|Dragon Pulse|p1a: Uxie","|-damage|p1a: Uxie|175/257","|","|-heal|p1a: Uxie|191/257|[from] item: Leftovers","|-heal|p2a: Oceagon|95/255|[from] item: Leftovers","|turn|15","|callback|decision","|","|switch|p2a: Hypno|Hypno, L86, F|286/286","|move|p1a: Uxie|U-turn|p2a: Hypno","|-supereffective|p2a: Hypno","|-damage|p2a: Hypno|204/286","|callback|decision","|","|switch|p1a: Shaymin|Shaymin, L78|284/284","|","|-heal|p2a: Hypno|221/286|[from] item: Leftovers","|turn|16","|callback|decision","|","|move|p1a: Shaymin|Substitute|p1a: Shaymin","|-start|p1a: Shaymin|Substitute","|-damage|p1a: Shaymin|213/284","|move|p2a: Hypno|Toxic|p1a: Shaymin","|","|-heal|p1a: Shaymin|230/284|[from] item: Leftovers","|-heal|p2a: Hypno|238/286|[from] item: Leftovers","|turn|17","|callback|decision","|chat|Necris|Is there a pokemon with a yawn pursuit set","|","|move|p1a: Shaymin|Leech Seed|p2a: Hypno","|-start|p2a: Hypno|move: Leech Seed","|move|p2a: Hypno|Psychic|p1a: Shaymin","|-end|p1a: Shaymin|Substitute","|","|-heal|p1a: Shaymin|247/284|[from] item: Leftovers","|-heal|p2a: Hypno|255/286|[from] item: Leftovers","|-damage|p2a: Hypno|220/286|[from] Leech Seed|[of] p1a: Shaymin","|-heal|p1a: Shaymin|282/284|[silent]","|turn|18","|callback|decision","|","|switch|p2a: Exploud|Exploud, L86, M|319/319","|move|p1a: Shaymin|Air Slash|p2a: Exploud","|-damage|p2a: Exploud|258/319","|","|-heal|p1a: Shaymin|284/284|[from] item: Leftovers","|turn|19","|callback|decision","|","|move|p1a: Shaymin|Substitute|p1a: Shaymin","|-start|p1a: Shaymin|Substitute","|-damage|p1a: Shaymin|213/284","|move|p2a: Exploud|Ice Beam|p1a: Shaymin","|-crit|p1a: Shaymin","|-supereffective|p1a: Shaymin","|-end|p1a: Shaymin|Substitute","|","|-heal|p1a: Shaymin|230/284|[from] item: Leftovers","|turn|20","|callback|decision","|","|move|p1a: Shaymin|Leech Seed|p2a: Exploud","|-start|p2a: Exploud|move: Leech Seed","|move|p2a: Exploud|Ice Beam|p1a: Shaymin","|-supereffective|p1a: Shaymin","|-damage|p1a: Shaymin|50/284","|","|-heal|p1a: Shaymin|67/284|[from] item: Leftovers","|-damage|p2a: Exploud|219/319|[from] Leech Seed|[of] p1a: Shaymin","|-heal|p1a: Shaymin|106/284|[silent]","|turn|21","|callback|decision","|","|move|p1a: Shaymin|Substitute|p1a: Shaymin","|-start|p1a: Shaymin|Substitute","|-damage|p1a: Shaymin|35/284","|move|p2a: Exploud|Ice Beam|p1a: Shaymin","|-supereffective|p1a: Shaymin","|-end|p1a: Shaymin|Substitute","|","|-heal|p1a: Shaymin|52/284|[from] item: Leftovers","|-damage|p2a: Exploud|180/319|[from] Leech Seed|[of] p1a: Shaymin","|-heal|p1a: Shaymin|91/284|[silent]","|turn|22","|callback|decision","|","|switch|p2a: Yamask|Yamask, L95, F|226/226","|move|p1a: Shaymin|Substitute|p1a: Shaymin","|-start|p1a: Shaymin|Substitute","|-damage|p1a: Shaymin|20/284","|","|-heal|p1a: Shaymin|37/284|[from] item: Leftovers","|turn|23","|callback|decision","|","|move|p1a: Shaymin|Leech Seed|p2a: Yamask|[miss]","|-miss|p1a: Shaymin|p2a: Yamask","|move|p2a: Yamask|Trick Room|p2a: Yamask","|-fieldstart|move: Trick Room|[of] p2a: Yamask","|","|-heal|p1a: Shaymin|54/284|[from] item: Leftovers","|turn|24","|callback|decision","|","|switch|p2a: Exploud|Exploud, L86, M|180/319","|move|p1a: Shaymin|Leech Seed|p2a: Exploud","|-start|p2a: Exploud|move: Leech Seed","|","|-heal|p1a: Shaymin|71/284|[from] item: Leftovers","|-damage|p2a: Exploud|141/319|[from] Leech Seed|[of] p1a: Shaymin","|-heal|p1a: Shaymin|110/284|[silent]","|turn|25","|callback|decision","|","|switch|p2a: Yamask|Yamask, L95, F|226/226","|move|p1a: Shaymin|Substitute|p1a: Shaymin","|-fail|p1a: Shaymin|move: Substitute","|","|-heal|p1a: Shaymin|127/284|[from] item: Leftovers","|turn|26","|callback|decision","|","|move|p2a: Yamask|Hidden Power|p1a: Shaymin","|-activate|p1a: Shaymin|Substitute|[damage]","|move|p1a: Shaymin|Leech Seed|p2a: Yamask","|-start|p2a: Yamask|move: Leech Seed","|","|-heal|p1a: Shaymin|144/284|[from] item: Leftovers","|-damage|p2a: Yamask|198/226|[from] Leech Seed|[of] p1a: Shaymin","|-heal|p1a: Shaymin|172/284|[silent]","|turn|27","|callback|decision","|","|move|p2a: Yamask|Haze|p2a: Yamask","|-clearallboost","|move|p1a: Shaymin|Earth Power|p2a: Yamask","|-damage|p2a: Yamask|138/226","|","|-heal|p1a: Shaymin|189/284|[from] item: Leftovers","|-damage|p2a: Yamask|110/226|[from] Leech Seed|[of] p1a: Shaymin","|-heal|p1a: Shaymin|217/284|[silent]","|-fieldend|move: Trick Room","|turn|28","|callback|decision","|","|switch|p2a: Hypno|Hypno, L86, F|220/286","|move|p1a: Shaymin|Earth Power|p2a: Hypno","|-damage|p2a: Hypno|175/286","|","|-heal|p1a: Shaymin|234/284|[from] item: Leftovers","|-heal|p2a: Hypno|192/286|[from] item: Leftovers","|turn|29","|callback|decision","|","|move|p1a: Shaymin|Leech Seed|p2a: Hypno","|-start|p2a: Hypno|move: Leech Seed","|move|p2a: Hypno|Psychic|p1a: Shaymin","|-end|p1a: Shaymin|Substitute","|","|-heal|p1a: Shaymin|251/284|[from] item: Leftovers","|-heal|p2a: Hypno|209/286|[from] item: Leftovers","|-damage|p2a: Hypno|174/286|[from] Leech Seed|[of] p1a: Shaymin","|-heal|p1a: Shaymin|284/284|[silent]","|turn|30","|callback|decision","|","|move|p1a: Shaymin|Earth Power|p2a: Hypno","|-damage|p2a: Hypno|129/286","|move|p2a: Hypno|Psychic|p1a: Shaymin","|-damage|p1a: Shaymin|202/284","|","|-heal|p1a: Shaymin|219/284|[from] item: Leftovers","|-heal|p2a: Hypno|146/286|[from] item: Leftovers","|-damage|p2a: Hypno|111/286|[from] Leech Seed|[of] p1a: Shaymin","|-heal|p1a: Shaymin|254/284|[silent]","|turn|31","|callback|decision","|","|switch|p2a: Oceagon|Oceagon, L70, F|95/255","|move|p1a: Shaymin|Substitute|p1a: Shaymin","|-start|p1a: Shaymin|Substitute","|-damage|p1a: Shaymin|183/284","|","|-heal|p1a: Shaymin|200/284|[from] item: Leftovers","|-heal|p2a: Oceagon|110/255|[from] item: Leftovers","|turn|32","|callback|decision","|","|move|p1a: Shaymin|Leech Seed|p2a: Oceagon","|-start|p2a: Oceagon|move: Leech Seed","|move|p2a: Oceagon|Ice Beam|p1a: Shaymin","|-supereffective|p1a: Shaymin","|-end|p1a: Shaymin|Substitute","|","|-heal|p1a: Shaymin|217/284|[from] item: Leftovers","|-heal|p2a: Oceagon|125/255|[from] item: Leftovers","|-damage|p2a: Oceagon|94/255|[from] Leech Seed|[of] p1a: Shaymin","|-heal|p1a: Shaymin|248/284|[silent]","|turn|33","|callback|decision","|","|switch|p2a: Exploud|Exploud, L86, M|141/319","|move|p1a: Shaymin|Substitute|p1a: Shaymin","|-start|p1a: Shaymin|Substitute","|-damage|p1a: Shaymin|177/284","|","|-heal|p1a: Shaymin|194/284|[from] item: Leftovers","|turn|34","|callback|decision","|","|move|p1a: Shaymin|Leech Seed|p2a: Exploud","|-start|p2a: Exploud|move: Leech Seed","|move|p2a: Exploud|Ice Beam|p1a: Shaymin","|-supereffective|p1a: Shaymin","|-end|p1a: Shaymin|Substitute","|","|-heal|p1a: Shaymin|211/284|[from] item: Leftovers","|-damage|p2a: Exploud|102/319|[from] Leech Seed|[of] p1a: Shaymin","|-heal|p1a: Shaymin|250/284|[silent]","|turn|35","|callback|decision","|","|move|p1a: Shaymin|Substitute|p1a: Shaymin","|-start|p1a: Shaymin|Substitute","|-damage|p1a: Shaymin|179/284","|move|p2a: Exploud|Ice Beam|p1a: Shaymin","|-supereffective|p1a: Shaymin","|-end|p1a: Shaymin|Substitute","|","|-heal|p1a: Shaymin|196/284|[from] item: Leftovers","|-damage|p2a: Exploud|63/319|[from] Leech Seed|[of] p1a: Shaymin","|-heal|p1a: Shaymin|235/284|[silent]","|turn|36","|callback|decision","|","|switch|p2a: Yamask|Yamask, L95, F|110/226","|move|p1a: Shaymin|Earth Power|p2a: Yamask","|-damage|p2a: Yamask|44/226","|","|-heal|p1a: Shaymin|252/284|[from] item: Leftovers","|turn|37","|callback|decision","|","|move|p1a: Shaymin|Substitute|p1a: Shaymin","|-start|p1a: Shaymin|Substitute","|-damage|p1a: Shaymin|181/284","|move|p2a: Yamask|Trick Room|p2a: Yamask","|-fieldstart|move: Trick Room|[of] p2a: Yamask","|","|-heal|p1a: Shaymin|198/284|[from] item: Leftovers","|turn|38","|callback|decision","|","|switch|p2a: Exploud|Exploud, L86, M|63/319","|move|p1a: Shaymin|Leech Seed|p2a: Exploud","|-start|p2a: Exploud|move: Leech Seed","|","|-heal|p1a: Shaymin|215/284|[from] item: Leftovers","|-damage|p2a: Exploud|24/319|[from] Leech Seed|[of] p1a: Shaymin","|-heal|p1a: Shaymin|254/284|[silent]","|turn|39","|callback|decision","|","|move|p2a: Exploud|Ice Beam|p1a: Shaymin","|-supereffective|p1a: Shaymin","|-end|p1a: Shaymin|Substitute","|move|p1a: Shaymin|Leech Seed|p2a: Exploud","|","|-heal|p1a: Shaymin|271/284|[from] item: Leftovers","|-damage|p2a: Exploud|0 fnt|[from] Leech Seed|[of] p1a: Shaymin","|-heal|p1a: Shaymin|284/284|[silent]","|faint|p2a: Exploud","|callback|decision","|chat|BDH93|really","|","|switch|p2a: Oceagon|Oceagon, L70, F|94/255","|turn|40","|callback|decision","|","|switch|p1a: Tentacool|Tentacool, L95, F|230/230","|move|p2a: Oceagon|Ice Beam|p1a: Tentacool","|-resisted|p1a: Tentacool","|-damage|p1a: Tentacool|202/230","|","|-heal|p2a: Oceagon|109/255|[from] item: Leftovers","|turn|41","|callback|decision","|chat|Glistering Aeon|That was a nice misclick on my part","|","|move|p2a: Oceagon|Dragon Pulse|p1a: Tentacool","|-damage|p1a: Tentacool|115/230","|move|p1a: Tentacool|Toxic|p2a: Oceagon","|-status|p2a: Oceagon|tox","|","|-heal|p2a: Oceagon|124/255 tox|[from] item: Leftovers","|-damage|p2a: Oceagon|109/255 tox|[from] psn","|-fieldend|move: Trick Room","|turn|42","|callback|decision","|","|switch|p2a: Hypno|Hypno, L86, F|111/286","|move|p1a: Tentacool|Giga Drain|p2a: Hypno","|-damage|p2a: Hypno|78/286","|-heal|p1a: Tentacool|132/230|[from] drain|[of] p2a: Hypno","|","|-heal|p2a: Hypno|95/286|[from] item: Leftovers","|turn|43","|callback|decision","|","|switch|p1a: Shaymin|Shaymin, L78|284/284","|move|p2a: Hypno|Psychic|p1a: Shaymin","|-damage|p1a: Shaymin|200/284","|","|-heal|p1a: Shaymin|217/284|[from] item: Leftovers","|-heal|p2a: Hypno|112/286|[from] item: Leftovers","|turn|44","|callback|decision","|","|move|p1a: Shaymin|Substitute|p1a: Shaymin","|-start|p1a: Shaymin|Substitute","|-damage|p1a: Shaymin|146/284","|move|p2a: Hypno|Psychic|p1a: Shaymin","|-end|p1a: Shaymin|Substitute","|","|-heal|p1a: Shaymin|163/284|[from] item: Leftovers","|-heal|p2a: Hypno|129/286|[from] item: Leftovers","|turn|45","|callback|decision","|","|move|p1a: Shaymin|Leech Seed|p2a: Hypno|[miss]","|-miss|p1a: Shaymin|p2a: Hypno","|move|p2a: Hypno|Psychic|p1a: Shaymin","|-crit|p1a: Shaymin","|-damage|p1a: Shaymin|9/284","|-unboost|p1a: Shaymin|spd|1","|","|-heal|p1a: Shaymin|26/284|[from] item: Leftovers","|-heal|p2a: Hypno|146/286|[from] item: Leftovers","|turn|46","|callback|decision","|","|move|p1a: Shaymin|Leech Seed|p2a: Hypno","|-start|p2a: Hypno|move: Leech Seed","|move|p2a: Hypno|Shadow Ball|p1a: Shaymin","|-damage|p1a: Shaymin|0 fnt","|faint|p1a: Shaymin","|","|-heal|p2a: Hypno|163/286|[from] item: Leftovers","|callback|decision","|chat|BDH93|finally that thing is gone","|","|switch|p1a: Uxie|Uxie, L82|191/257","|turn|47","|callback|decision","|chat|Glistering Aeon|I blame crits :P","|","|move|p1a: Uxie|Yawn|p2a: Hypno","|-fail|p2a: Hypno","|move|p2a: Hypno|Shadow Ball|p1a: Uxie","|-supereffective|p1a: Uxie","|-damage|p1a: Uxie|115/257","|","|-heal|p1a: Uxie|131/257|[from] item: Leftovers","|-heal|p2a: Hypno|180/286|[from] item: Leftovers","|-damage|p2a: Hypno|145/286|[from] Leech Seed|[of] p1a: Uxie","|-heal|p1a: Uxie|166/257|[silent]","|turn|48","|callback|decision","|","|switch|p2a: Oceagon|Oceagon, L70, F|109/255 tox","|move|p1a: Uxie|Toxic|p2a: Oceagon","|-fail|p2a: Oceagon|tox","|","|-heal|p1a: Uxie|182/257|[from] item: Leftovers","|-heal|p2a: Oceagon|124/255 tox|[from] item: Leftovers","|-damage|p2a: Oceagon|109/255 tox|[from] psn","|turn|49","|callback|decision","|","|move|p1a: Uxie|U-turn|p2a: Oceagon","|-damage|p2a: Oceagon|76/255 tox","|callback|decision","|","|switch|p1a: Tentacool|Tentacool, L95, F|132/230","|move|p2a: Oceagon|Dragon Pulse|p1a: Tentacool","|-damage|p1a: Tentacool|47/230","|","|-heal|p2a: Oceagon|91/255 tox|[from] item: Leftovers","|-damage|p2a: Oceagon|61/255 tox|[from] psn","|turn|50","|callback|decision","|","|move|p1a: Tentacool|Knock Off|p2a: Oceagon","|-damage|p2a: Oceagon|52/255 tox","|-enditem|p2a: Oceagon|Leftovers|[from] move: Knock Off|[of] p1a: Tentacool","|move|p2a: Oceagon|Dragon Pulse|p1a: Tentacool","|-damage|p1a: Tentacool|0 fnt","|faint|p1a: Tentacool","|","|-damage|p2a: Oceagon|7/255 tox|[from] psn","|callback|decision","|","|switch|p1a: Uxie|Uxie, L82|182/257","|turn|51","|callback|decision","|","|move|p1a: Uxie|U-turn|p2a: Oceagon","|-damage|p2a: Oceagon|0 fnt","|faint|p2a: Oceagon","|","|-heal|p1a: Uxie|198/257|[from] item: Leftovers","|callback|decision","|","|switch|p2a: Yamask|Yamask, L95, F|44/226","|turn|52","|callback|decision","|chat|Necris|ohy","|","|move|p1a: Uxie|U-turn|p2a: Yamask","|-resisted|p2a: Yamask","|-damage|p2a: Yamask|27/226","|-ability|p1a: Uxie|Mummy|[from] Mummy","|move|p2a: Yamask|Trick Room|p2a: Yamask","|-fieldstart|move: Trick Room|[of] p2a: Yamask","|","|-heal|p1a: Uxie|214/257|[from] item: Leftovers","|turn|53","|callback|decision","|","|move|p2a: Yamask|Haze|p2a: Yamask","|-clearallboost","|move|p1a: Uxie|Toxic|p2a: Yamask","|-status|p2a: Yamask|tox","|","|-heal|p1a: Uxie|230/257|[from] item: Leftovers","|-damage|p2a: Yamask|13/226 tox|[from] psn","|turn|54","|callback|decision","|","|move|p2a: Yamask|Hidden Power|p1a: Uxie","|-resisted|p1a: Uxie","|-damage|p1a: Uxie|215/257","|move|p1a: Uxie|U-turn|p2a: Yamask","|-resisted|p2a: Yamask","|-damage|p2a: Yamask|0 fnt","|faint|p2a: Yamask","|","|-heal|p1a: Uxie|231/257|[from] item: Leftovers","|callback|decision","|","|switch|p2a: Hypno|Hypno, L86, F|145/286","|turn|55","|callback|decision","|chat|Glistering Aeon|I made a bad play there","|","|move|p2a: Hypno|Shadow Ball|p1a: Uxie","|-supereffective|p1a: Uxie","|-damage|p1a: Uxie|155/257","|move|p1a: Uxie|U-turn|p2a: Hypno","|-supereffective|p2a: Hypno","|-damage|p2a: Hypno|57/286","|","|-heal|p2a: Hypno|74/286|[from] item: Leftovers","|-heal|p1a: Uxie|171/257|[from] item: Leftovers","|turn|56","|callback|decision","|","|move|p2a: Hypno|Calm Mind|p2a: Hypno","|-boost|p2a: Hypno|spa|1","|-boost|p2a: Hypno|spd|1","|move|p1a: Uxie|U-turn|p2a: Hypno","|-supereffective|p2a: Hypno","|-damage|p2a: Hypno|0 fnt","|faint|p2a: Hypno","|","|win|Glistering Aeon"],"p1rating":{"entryid":"1026343","serverid":"tervari","formatid":"tervarirandombattle","userid":"glisteringaeon","username":"Glistering Aeon","w":2,"l":"1","t":"0","gxe":58.6,"r":"1500","rd":"350","sigma":"0.06","rptime":"1373241600","rpr":1599.8752626585,"rprd":227.73539648967,"rpsigma":0.05999629501789,"acre":1279.2437195258,"lacre":-3720.7562804742,"oldacre":1143.2284673762,"oldrdacre":1243.1037300348},"p2rating":{"entryid":1027073,"formatid":"tervarirandombattle","userid":"bdh93","username":"BDH93","r":1500,"rd":350,"sigma":0.06,"rpr":1329.9113722299,"rprd":275.38114997225,"rpsigma":0.059998912001116,"gxe":36.2,"rptime":1373241600,"w":0,"l":1,"t":0,"acre":942.19877056026,"lacre":-4057.8012294397,"oldacre":1007.0121159332,"oldrdacre":836.92348816309},"endType":"normal"}