{"turns":26,"p1":"Corkscrew","p2":"snaquaza","p1team":[{"name":"Clefable","moves":["softboiled","thunderbolt","icebeam","calmmind"],"ability":"Magic Guard","evs":{"hp":85,"atk":85,"def":85,"spa":85,"spd":85,"spe":85},"ivs":{"hp":31,"atk":31,"def":31,"spa":31,"spd":31,"spe":31},"item":"Life Orb","level":82,"shiny":false},{"name":"Dialga","moves":["rest","outrage","roar","dragonclaw"],"ability":"Pressure","evs":{"hp":85,"atk":85,"def":85,"spa":85,"spd":85,"spe":85},"ivs":{"hp":31,"atk":31,"def":31,"spa":31,"spd":31,"spe":31},"item":"Chesto Berry","level":70,"shiny":false},{"name":"Grumpig","moves":["thunderwave","focusblast","calmmind","shadowball"],"ability":"Thick Fat","evs":{"hp":85,"atk":85,"def":85,"spa":85,"spd":85,"spe":85},"ivs":{"hp":31,"atk":31,"def":31,"spa":31,"spd":31,"spe":31},"item":"Leftovers","level":86,"shiny":false},{"name":"Illumise","moves":["wish","encore","substitute","bugbuzz"],"ability":"Tinted Lens","evs":{"hp":85,"atk":85,"def":85,"spa":85,"spd":85,"spe":85},"ivs":{"hp":31,"atk":31,"def":31,"spa":31,"spd":31,"spe":31},"item":"Leftovers","level":86,"shiny":false},{"name":"Weavile","moves":["nightslash","iceshard","swordsdance","icepunch"],"ability":"Pressure","evs":{"hp":85,"atk":85,"def":85,"spa":85,"spd":85,"spe":85},"ivs":{"hp":31,"atk":31,"def":31,"spa":31,"spd":31,"spe":31},"item":"Life Orb","level":78,"shiny":false},{"name":"Klinklang","moves":["shiftgear","wildcharge","return","geargrind"],"ability":"Clear Body","evs":{"hp":85,"atk":85,"def":85,"spa":85,"spd":85,"spe":85},"ivs":{"hp":31,"atk":31,"def":31,"spa":31,"spd":31,"spe":31},"item":"Life Orb","level":82,"shiny":false}],"p2team":[{"name":"Ariados","moves":["xscissor","toxic","poisonjab","agility"],"ability":"Swarm","evs":{"hp":85,"atk":85,"def":85,"spa":85,"spd":85,"spe":85},"ivs":{"hp":31,"atk":31,"def":31,"spa":31,"spd":31,"spe":31},"item":"Black Sludge","level":86,"shiny":false},{"name":"Magcargo","moves":["lavaplume","hiddenpowerrock","earthpower","shellsmash"],"ability":"Flame Body","evs":{"hp":85,"atk":85,"def":85,"spa":85,"spd":85,"spe":85},"ivs":{"hp":31,"atk":31,"def":30,"spa":31,"spd":30,"spe":30},"item":"White Herb","level":86,"shiny":false},{"name":"Arcanine","moves":["morningsun","hiddenpowergrass","extremespeed","willowisp"],"ability":"Intimidate","evs":{"hp":85,"atk":85,"def":85,"spa":85,"spd":85,"spe":85},"ivs":{"hp":31,"atk":30,"def":31,"spa":30,"spd":31,"spe":31},"item":"Air Balloon","level":78,"shiny":false},{"name":"Hitmonchan","moves":["stoneedge","substitute","icepunch","drainpunch"],"ability":"Iron Fist","evs":{"hp":85,"atk":85,"def":85,"spa":85,"spd":85,"spe":85},"ivs":{"hp":31,"atk":31,"def":31,"spa":31,"spd":31,"spe":31},"item":"Leftovers","level":82,"shiny":false},{"name":"Keldeo","moves":["calmmind","secretsword","hiddenpowerghost","hydropump"],"ability":"Justified","evs":{"hp":85,"atk":85,"def":85,"spa":85,"spd":85,"spe":85},"ivs":{"hp":31,"atk":31,"def":30,"spa":31,"spd":30,"spe":31},"item":"Life Orb","level":74,"shiny":false},{"name":"Sandslash","moves":["stealthrock","toxic","rapidspin","earthquake"],"ability":"Sand Rush","evs":{"hp":85,"atk":85,"def":85,"spa":85,"spd":85,"spe":85},"ivs":{"hp":31,"atk":31,"def":31,"spa":31,"spd":31,"spe":31},"item":"Leftovers","level":82,"shiny":false}],"log":["|player|p1|Corkscrew|44","|player|p2|snaquaza|101","|gametype|singles","|tier|Random Battle","|rated","|rule|Sleep Clause Mod: Limit one foe put to sleep","|rule|HP Percentage Mod: HP is reported as percentages","|","|start","|switch|p1a: Clefable|Clefable, L82, F|290/290","|switch|p2a: Ariados|Ariados, L86, F|261/261","|turn|1","|callback|decision","|","|switch|p2a: Hitmonchan|Hitmonchan, L82, M|216/216","|move|p1a: Clefable|Calm Mind|p1a: Clefable","|-boost|p1a: Clefable|spa|1","|-boost|p1a: Clefable|spd|1","|","|turn|2","|callback|decision","|chat|Corkscrew|bs hax","|","|switch|p1a: Illumise|Illumise, L86, F|252/252","|move|p2a: Hitmonchan|Substitute|p2a: Hitmonchan","|-start|p2a: Hitmonchan|Substitute","|-damage|p2a: Hitmonchan|162/216","|","|-heal|p2a: Hitmonchan|175/216|[from] item: Leftovers","|turn|3","|callback|decision","|","|switch|p2a: Magcargo|Magcargo, L86, F|226/226","|move|p1a: Illumise|Encore|p2a: Magcargo","|-fail|p2a: Magcargo","|","|turn|4","|callback|decision","|","|move|p1a: Illumise|Substitute|p1a: Illumise","|-start|p1a: Illumise|Substitute","|-damage|p1a: Illumise|189/252","|move|p2a: Magcargo|Lava Plume|p1a: Illumise","|-supereffective|p1a: Illumise","|-end|p1a: Illumise|Substitute","|","|-heal|p1a: Illumise|204/252|[from] item: Leftovers","|turn|5","|callback|decision","|","|switch|p1a: Grumpig|Grumpig, L86, F|278/278","|move|p2a: Magcargo|Lava Plume|p1a: Grumpig","|-damage|p1a: Grumpig|245/278","|","|-heal|p1a: Grumpig|262/278|[from] item: Leftovers","|turn|6","|callback|decision","|","|move|p1a: Grumpig|Focus Blast|p2a: Magcargo","|-supereffective|p2a: Magcargo","|-damage|p2a: Magcargo|42/226","|move|p2a: Magcargo|Shell Smash|p2a: Magcargo","|-boost|p2a: Magcargo|atk|2","|-boost|p2a: Magcargo|spa|2","|-boost|p2a: Magcargo|spe|2","|-unboost|p2a: Magcargo|def|1","|-unboost|p2a: Magcargo|spd|1","|-enditem|p2a: Magcargo|White Herb","|-restoreboost|p2a: Magcargo|[silent]","|","|-heal|p1a: Grumpig|278/278|[from] item: Leftovers","|turn|7","|callback|decision","|","|move|p2a: Magcargo|Hidden Power|p1a: Grumpig","|-damage|p1a: Grumpig|166/278","|move|p1a: Grumpig|Thunder Wave|p2a: Magcargo","|-status|p2a: Magcargo|par","|","|-heal|p1a: Grumpig|183/278|[from] item: Leftovers","|turn|8","|callback|decision","|","|move|p1a: Grumpig|Shadow Ball|p2a: Magcargo","|-damage|p2a: Magcargo|0 fnt","|faint|p2a: Magcargo","|","|-heal|p1a: Grumpig|200/278|[from] item: Leftovers","|callback|decision","|chat|Corkscrew|magcargNO","|chat|snaquaza|:P","|","|switch|p2a: Sandslash|Sandslash, L82, M|257/257","|turn|9","|callback|decision","|","|switch|p1a: Clefable|Clefable, L82, F|290/290","|move|p2a: Sandslash|Toxic|p1a: Clefable","|-status|p1a: Clefable|tox","|","|turn|10","|callback|decision","|","|move|p2a: Sandslash|Stealth Rock|p1a: Clefable","|-sidestart|p1: Corkscrew|move: Stealth Rock","|move|p1a: Clefable|Ice Beam|p2a: Sandslash","|-supereffective|p2a: Sandslash","|-damage|p2a: Sandslash|51/257","|","|-heal|p2a: Sandslash|67/257|[from] item: Leftovers","|turn|11","|callback|decision","|","|move|p2a: Sandslash|Earthquake|p1a: Clefable","|-damage|p1a: Clefable|169/290 tox","|move|p1a: Clefable|Ice Beam|p2a: Sandslash","|-supereffective|p2a: Sandslash","|-damage|p2a: Sandslash|0 fnt","|faint|p2a: Sandslash","|","|callback|decision","|chat|Eneomas|MG Clefable","|chat|Eneomas|lol","|","|switch|p2a: Hitmonchan|Hitmonchan, L82, M|175/216","|turn|12","|callback|decision","|","|switch|p1a: Illumise|Illumise, L86, F|204/252","|-damage|p1a: Illumise|141/252|[from] Stealth Rock","|move|p2a: Hitmonchan|Drain Punch|p1a: Illumise","|-resisted|p1a: Illumise","|-damage|p1a: Illumise|81/252","|-heal|p2a: Hitmonchan|205/216|[from] drain|[of] p1a: Illumise","|","|-heal|p1a: Illumise|96/252|[from] item: Leftovers","|-heal|p2a: Hitmonchan|216/216|[from] item: Leftovers","|turn|13","|callback|decision","|","|switch|p2a: Arcanine|Arcanine, L78, F|268/268","|-ability|p2a: Arcanine|Intimidate|[of] p1a: Illumise","|-unboost|p1a: Illumise|atk|1","|-item|p2a: Arcanine|Air Balloon","|move|p1a: Illumise|Bug Buzz|p2a: Arcanine","|-crit|p2a: Arcanine","|-resisted|p2a: Arcanine","|-damage|p2a: Arcanine|70/268","|-enditem|p2a: Arcanine|Air Balloon","|","|-heal|p1a: Illumise|111/252|[from] item: Leftovers","|turn|14","|callback|decision","|","|move|p2a: Arcanine|ExtremeSpeed|p1a: Illumise","|-crit|p1a: Illumise","|-damage|p1a: Illumise|0 fnt","|faint|p1a: Illumise","|","|callback|decision","|","|switch|p1a: Klinklang|Klinklang, L82|233/233","|-damage|p1a: Klinklang|219/233|[from] Stealth Rock","|turn|15","|callback|decision","|","|move|p1a: Klinklang|Return|p2a: Arcanine","|-damage|p2a: Arcanine|0 fnt","|-damage|p1a: Klinklang|196/233|[from] item: Life Orb","|faint|p2a: Arcanine","|","|callback|decision","|","|switch|p2a: Hitmonchan|Hitmonchan, L82, M|216/216","|turn|16","|callback|decision","|","|move|p1a: Klinklang|Gear Grind|p2a: Hitmonchan","|-damage|p2a: Hitmonchan|147/216","|-damage|p2a: Hitmonchan|75/216","|-hitcount|p2a: Hitmonchan|2","|-damage|p1a: Klinklang|173/233|[from] item: Life Orb","|move|p2a: Hitmonchan|Drain Punch|p1a: Klinklang","|-supereffective|p1a: Klinklang","|-damage|p1a: Klinklang|23/233","|-heal|p2a: Hitmonchan|150/216|[from] drain|[of] p1a: Klinklang","|","|-heal|p2a: Hitmonchan|163/216|[from] item: Leftovers","|turn|17","|callback|decision","|","|move|p1a: Klinklang|Gear Grind|p2a: Hitmonchan","|-damage|p2a: Hitmonchan|90/216","|-crit|p2a: Hitmonchan","|-damage|p2a: Hitmonchan|0 fnt","|-hitcount|p2a: Hitmonchan|2","|-damage|p1a: Klinklang|0 fnt|[from] item: Life Orb","|faint|p2a: Hitmonchan","|faint|p1a: Klinklang","|","|callback|decision","|","|switch|p1a: Weavile|Weavile, L78, F|237/237","|-damage|p1a: Weavile|178/237|[from] Stealth Rock","|switch|p2a: Ariados|Ariados, L86, F|261/261","|-ability|p1a: Weavile|Pressure","|turn|18","|callback|decision","|","|move|p1a: Weavile|Ice Punch|p2a: Ariados","|-damage|p2a: Ariados|135/261","|-damage|p1a: Weavile|155/237|[from] item: Life Orb","|move|p2a: Ariados|X-Scissor|p1a: Weavile","|-supereffective|p1a: Weavile","|-damage|p1a: Weavile|0 fnt","|faint|p1a: Weavile","|","|-heal|p2a: Ariados|151/261|[from] item: Black Sludge","|callback|decision","|","|switch|p1a: Clefable|Clefable, L82, F|169/290 tox","|turn|19","|callback|decision","|","|move|p1a: Clefable|Softboiled|p1a: Clefable","|-heal|p1a: Clefable|290/290 tox","|move|p2a: Ariados|Poison Jab|p1a: Clefable","|-damage|p1a: Clefable|191/290 tox","|","|-heal|p2a: Ariados|167/261|[from] item: Black Sludge","|turn|20","|callback|decision","|","|move|p1a: Clefable|Ice Beam|p2a: Ariados","|-damage|p2a: Ariados|76/261","|move|p2a: Ariados|Poison Jab|p1a: Clefable","|-damage|p1a: Clefable|100/290 tox","|","|-heal|p2a: Ariados|92/261|[from] item: Black Sludge","|turn|21","|callback|decision","|","|move|p1a: Clefable|Ice Beam|p2a: Ariados","|-damage|p2a: Ariados|0 fnt","|faint|p2a: Ariados","|","|callback|decision","|","|switch|p2a: Keldeo|Keldeo, L74|257/257","|turn|22","|callback|decision","|","|move|p2a: Keldeo|Calm Mind|p2a: Keldeo","|-boost|p2a: Keldeo|spa|1","|-boost|p2a: Keldeo|spd|1","|move|p1a: Clefable|Thunderbolt|p2a: Keldeo","|-supereffective|p2a: Keldeo","|-damage|p2a: Keldeo|149/257","|","|turn|23","|callback|decision","|","|move|p2a: Keldeo|Calm Mind|p2a: Keldeo","|-boost|p2a: Keldeo|spa|1","|-boost|p2a: Keldeo|spd|1","|move|p1a: Clefable|Softboiled|p1a: Clefable","|-heal|p1a: Clefable|245/290 tox","|","|turn|24","|callback|decision","|","|move|p2a: Keldeo|Secret Sword|p1a: Clefable","|-supereffective|p1a: Clefable","|-damage|p1a: Clefable|0 fnt","|-damage|p2a: Keldeo|124/257|[from] item: Life Orb","|faint|p1a: Clefable","|","|callback|decision","|","|switch|p1a: Dialga|Dialga, L70|256/256","|-damage|p1a: Dialga|240/256|[from] Stealth Rock","|-ability|p1a: Dialga|Pressure","|turn|25","|callback|decision","|chat|Eneomas|obv ","|","|move|p2a: Keldeo|Secret Sword|p1a: Dialga","|-supereffective|p1a: Dialga","|-damage|p1a: Dialga|0 fnt","|-damage|p2a: Keldeo|99/257|[from] item: Life Orb","|faint|p1a: Dialga","|","|callback|decision","|chat|Eneomas|SS","|chat|Eneomas|duh","|","|switch|p1a: Grumpig|Grumpig, L86, F|200/278","|-damage|p1a: Grumpig|166/278|[from] Stealth Rock","|turn|26","|callback|decision","|","|move|p2a: Keldeo|Hidden Power|p1a: Grumpig","|-supereffective|p1a: Grumpig","|-damage|p1a: Grumpig|0 fnt","|-damage|p2a: Keldeo|74/257|[from] item: Life Orb","|faint|p1a: Grumpig","|","|win|snaquaza"],"p1rating":{"entryid":1856355,"formatid":"randombattle","userid":"corkscrew","username":"Corkscrew","r":1500,"rd":350,"sigma":0.06,"rpr":1421.6611587125,"rprd":295.01531489267,"rpsigma":0.059998205129617,"gxe":43.6,"rptime":1377388800,"w":0,"l":1,"t":0,"acre":1006.0121159332,"lacre":-3993.9878840668,"oldacre":1007.0121159332,"oldrdacre":928.67327464569},"p2rating":{"entryid":"869695","serverid":"tervari","formatid":"randombattle","userid":"snaquaza","username":"Snaquaza","w":4,"l":"0","t":"0","gxe":77.3,"r":"1807.2652770091","rd":"236.27595691766","sigma":"0.059998016618351","rptime":"1377388800","rpr":1851.2242853989,"rprd":220.64664146968,"rpsigma":0.059996458916197,"acre":1540.5730900556,"lacre":-3459.4269099444,"oldacre":1474.2858685158,"oldrdacre":1518.2448769056},"endType":"normal"}