{"turns":28,"p1":"PlasmaKirby","p2":"Necris","p1team":[{"name":"Emboar","moves":["superpower","wildcharge","earthquake","fireblast"],"ability":"Reckless","evs":{"hp":85,"atk":85,"def":85,"spa":85,"spd":85,"spe":85},"ivs":{"hp":31,"atk":31,"def":31,"spa":31,"spd":31,"spe":31},"item":"Expert Belt","level":82,"shiny":false},{"name":"Starmie","moves":["surf","rapidspin","recover","icebeam"],"ability":"Natural Cure","evs":{"hp":85,"atk":85,"def":85,"spa":85,"spd":85,"spe":85},"ivs":{"hp":31,"atk":31,"def":31,"spa":31,"spd":31,"spe":31},"item":"Life Orb","level":74,"shiny":false},{"name":"Growlithe","moves":["flareblitz","willowisp","closecombat","morningsun"],"ability":"Intimidate","evs":{"hp":85,"atk":85,"def":85,"spa":85,"spd":85,"spe":85},"ivs":{"hp":31,"atk":31,"def":31,"spa":31,"spd":31,"spe":31},"item":"Air Balloon","level":95,"shiny":false},{"name":"Malaconda","moves":["toxic","rapidspin","substitute","crunch"],"ability":"Harvest","evs":{"hp":85,"atk":85,"def":85,"spa":85,"spd":85,"spe":85},"ivs":{"hp":31,"atk":31,"def":31,"spa":31,"spd":31,"spe":31},"item":"Sitrus Berry","level":74,"shiny":false},{"name":"Eelektross","moves":["drainpunch","thunderpunch","discharge","superpower"],"ability":"Levitate","evs":{"hp":85,"atk":85,"def":85,"spa":85,"spd":85,"spe":85},"ivs":{"hp":31,"atk":31,"def":31,"spa":31,"spd":31,"spe":31},"item":"Expert Belt","level":86,"shiny":false},{"name":"Dialga","moves":["fireblast","dragontail","outrage","sleeptalk"],"ability":"Pressure","evs":{"hp":85,"atk":85,"def":85,"spa":85,"spd":85,"spe":85},"ivs":{"hp":31,"atk":31,"def":31,"spa":31,"spd":31,"spe":31},"item":"Leftovers","level":70,"shiny":false}],"p2team":[{"name":"Tirtouga","moves":["waterfall","earthquake","aquajet","stealthrock"],"ability":"Sturdy","evs":{"hp":85,"atk":85,"def":85,"spa":85,"spd":85,"spe":85},"ivs":{"hp":31,"atk":31,"def":31,"spa":31,"spd":31,"spe":31},"item":"Air Balloon","level":95,"shiny":false},{"name":"Minun","moves":["batonpass","hiddenpowerice","substitute","thunderbolt"],"ability":"Minus","evs":{"hp":85,"atk":85,"def":85,"spa":85,"spd":85,"spe":85},"ivs":{"hp":31,"atk":30,"def":30,"spa":31,"spd":31,"spe":31},"item":"Leftovers","level":86,"shiny":false},{"name":"Groudon","moves":["swordsdance","firepunch","rockpolish","earthquake"],"ability":"Drought","evs":{"hp":85,"atk":85,"def":85,"spa":85,"spd":85,"spe":85},"ivs":{"hp":31,"atk":31,"def":31,"spa":31,"spd":31,"spe":31},"item":"Leftovers","level":70,"shiny":false},{"name":"Cresselia","moves":["psychic","reflect","lunardance","icebeam"],"ability":"Levitate","evs":{"hp":85,"atk":85,"def":85,"spa":85,"spd":85,"spe":85},"ivs":{"hp":31,"atk":31,"def":31,"spa":31,"spd":31,"spe":31},"item":"Light Clay","level":80,"shiny":false},{"name":"Rhydon","moves":["stoneedge","stealthrock","earthquake","aquatail"],"ability":"Rock Head","evs":{"hp":85,"atk":85,"def":85,"spa":85,"spd":85,"spe":85},"ivs":{"hp":31,"atk":31,"def":31,"spa":31,"spd":31,"spe":31},"item":"Leftovers","level":82,"shiny":false},{"name":"Giratina","moves":["shadowball","sleeptalk","rest","dragonpulse"],"ability":"Pressure","evs":{"hp":85,"atk":85,"def":85,"spa":85,"spd":85,"spe":85},"ivs":{"hp":31,"atk":31,"def":31,"spa":31,"spd":31,"spe":31},"item":"Leftovers","level":70,"shiny":false}],"log":["|player|p1|PlasmaKirby|267","|player|p2|Necris|54","|gametype|singles","|tier|Random Battle","|rated","|rule|Sleep Clause Mod: Limit one foe put to sleep","|rule|HP Percentage Mod: HP is reported as percentages","|","|start","|switch|p1a: Emboar|Emboar, L82, M|315/315","|switch|p2a: Tirtouga|Tirtouga, L95, F|257/257","|-item|p2a: Tirtouga|Air Balloon","|turn|1","|callback|decision","|","|switch|p2a: Groudon|Groudon, L70|256/256","|-weather|SunnyDay|[from] ability: Drought|[of] p2a: Groudon","|move|p1a: Emboar|Wild Charge|p2a: Groudon","|-immune|p2a: Groudon|[msg]","|","|-weather|SunnyDay|[upkeep]","|turn|2","|callback|decision","|","|move|p2a: Groudon|Rock Polish|p2a: Groudon","|-boost|p2a: Groudon|spe|2","|move|p1a: Emboar|Fire Blast|p2a: Groudon","|-damage|p2a: Groudon|45/256","|","|-weather|SunnyDay|[upkeep]","|-heal|p2a: Groudon|61/256|[from] item: Leftovers","|turn|3","|callback|decision","|chat|Necris|wow","|","|move|p2a: Groudon|Earthquake|p1a: Emboar","|-supereffective|p1a: Emboar","|-damage|p1a: Emboar|45/315","|move|p1a: Emboar|Fire Blast|p2a: Groudon|[miss]","|-miss|p1a: Emboar|p2a: Groudon","|","|-weather|SunnyDay|[upkeep]","|-heal|p2a: Groudon|77/256|[from] item: Leftovers","|turn|4","|callback|decision","|chat|PlasmaKirby|......","|","|switch|p1a: Eelektross|Eelektross, L86, F|286/286","|move|p2a: Groudon|Earthquake|p1a: Eelektross","|-immune|p1a: Eelektross|[msg]","|","|-weather|SunnyDay|[upkeep]","|-heal|p2a: Groudon|93/256|[from] item: Leftovers","|turn|5","|callback|decision","|","|move|p2a: Groudon|Fire Punch|p1a: Eelektross","|-damage|p1a: Eelektross|204/286","|move|p1a: Eelektross|Superpower|p2a: Groudon","|-damage|p2a: Groudon|12/256","|-unboost|p1a: Eelektross|atk|1","|-unboost|p1a: Eelektross|def|1","|","|-weather|SunnyDay|[upkeep]","|-heal|p2a: Groudon|28/256|[from] item: Leftovers","|turn|6","|callback|decision","|","|move|p2a: Groudon|Fire Punch|p1a: Eelektross","|-damage|p1a: Eelektross|68/286","|move|p1a: Eelektross|Drain Punch|p2a: Groudon","|-crit|p2a: Groudon","|-damage|p2a: Groudon|0 fnt","|-heal|p1a: Eelektross|82/286|[from] drain|[of] p2a: Groudon","|faint|p2a: Groudon","|","|-weather|SunnyDay|[upkeep]","|callback|decision","|","|switch|p2a: Rhydon|Rhydon, L82, M|306/306","|turn|7","|callback|decision","|","|move|p1a: Eelektross|Drain Punch|p2a: Rhydon","|-supereffective|p2a: Rhydon","|-damage|p2a: Rhydon|220/306","|-heal|p1a: Eelektross|125/286|[from] drain|[of] p2a: Rhydon","|move|p2a: Rhydon|Stealth Rock|p1a: Eelektross","|-sidestart|p1: PlasmaKirby|move: Stealth Rock","|","|-weather|SunnyDay|[upkeep]","|-heal|p2a: Rhydon|239/306|[from] item: Leftovers","|turn|8","|callback|decision","|","|switch|p2a: Giratina|Giratina, L70|326/326","|-ability|p2a: Giratina|Pressure","|move|p1a: Eelektross|Drain Punch|p2a: Giratina","|-immune|p2a: Giratina|[msg]","|","|-weather|SunnyDay|[upkeep]","|turn|9","|callback|decision","|","|move|p2a: Giratina|Dragon Pulse|p1a: Eelektross","|-damage|p1a: Eelektross|56/286","|move|p1a: Eelektross|Discharge|p2a: Giratina","|-resisted|p2a: Giratina","|-damage|p2a: Giratina|285/326","|","|-weather|SunnyDay|[upkeep]","|-heal|p2a: Giratina|305/326|[from] item: Leftovers","|turn|10","|callback|decision","|","|move|p2a: Giratina|Shadow Ball|p1a: Eelektross","|-damage|p1a: Eelektross|0 fnt","|faint|p1a: Eelektross","|","|-weather|SunnyDay|[upkeep]","|-heal|p2a: Giratina|325/326|[from] item: Leftovers","|callback|decision","|","|switch|p1a: Starmie|Starmie, L74|211/211","|-damage|p1a: Starmie|185/211|[from] Stealth Rock","|turn|11","|callback|decision","|","|move|p1a: Starmie|Ice Beam|p2a: Giratina","|-supereffective|p2a: Giratina","|-damage|p2a: Giratina|191/326","|-damage|p1a: Starmie|164/211|[from] item: Life Orb","|move|p2a: Giratina|Shadow Ball|p1a: Starmie","|-supereffective|p1a: Starmie","|-damage|p1a: Starmie|26/211","|-unboost|p1a: Starmie|spd|1","|","|-weather|SunnyDay|[upkeep]","|-heal|p2a: Giratina|211/326|[from] item: Leftovers","|turn|12","|callback|decision","|","|move|p1a: Starmie|Ice Beam|p2a: Giratina","|-supereffective|p2a: Giratina","|-damage|p2a: Giratina|71/326","|-damage|p1a: Starmie|5/211|[from] item: Life Orb","|move|p2a: Giratina|Shadow Ball|p1a: Starmie","|-supereffective|p1a: Starmie","|-damage|p1a: Starmie|0 fnt","|faint|p1a: Starmie","|","|-weather|SunnyDay|[upkeep]","|-heal|p2a: Giratina|91/326|[from] item: Leftovers","|callback|decision","|","|switch|p1a: Malaconda|Malaconda, L74, M|292/292","|-damage|p1a: Malaconda|256/292|[from] Stealth Rock","|turn|13","|callback|decision","|chat|Necris|the heck?","|","|move|p2a: Giratina|Rest|p2a: Giratina","|-status|p2a: Giratina|slp","|-heal|p2a: Giratina|326/326 slp|[silent]","|-status|p2a: Giratina|slp|[from] move: Rest","|move|p1a: Malaconda|Crunch|p2a: Giratina","|-supereffective|p2a: Giratina","|-damage|p2a: Giratina|192/326 slp","|","|-weather|SunnyDay|[upkeep]","|-heal|p2a: Giratina|212/326 slp|[from] item: Leftovers","|turn|14","|callback|decision","|chat|PlasmaKirby|its a CAP","|","|cant|p2a: Giratina|slp","|move|p2a: Giratina|Sleep Talk|p2a: Giratina","|move|p2a: Giratina|Rest|p2a: Giratina|[from]Sleep Talk","|-fail|p2a: Giratina","|move|p1a: Malaconda|Crunch|p2a: Giratina","|-supereffective|p2a: Giratina","|-damage|p2a: Giratina|86/326 slp","|","|-weather|SunnyDay|[upkeep]","|-heal|p2a: Giratina|106/326 slp|[from] item: Leftovers","|turn|15","|callback|decision","|","|cant|p2a: Giratina|slp","|move|p2a: Giratina|Sleep Talk|p2a: Giratina","|move|p2a: Giratina|Shadow Ball|p1a: Malaconda|[from]Sleep Talk","|-resisted|p1a: Malaconda","|-damage|p1a: Malaconda|231/292","|move|p1a: Malaconda|Crunch|p2a: Giratina","|-supereffective|p2a: Giratina","|-damage|p2a: Giratina|0 fnt","|faint|p2a: Giratina","|","|-weather|SunnyDay|[upkeep]","|callback|decision","|","|switch|p2a: Minun|Minun, L86, F|243/243","|turn|16","|callback|decision","|","|move|p2a: Minun|Hidden Power|p1a: Malaconda","|-crit|p1a: Malaconda","|-supereffective|p1a: Malaconda","|-damage|p1a: Malaconda|89/292","|-enditem|p1a: Malaconda|Sitrus Berry|[eat]","|-heal|p1a: Malaconda|162/292|[from] item: Sitrus Berry","|move|p1a: Malaconda|Crunch|p2a: Minun","|-damage|p2a: Minun|144/243","|","|-weather|SunnyDay|[upkeep]","|-heal|p2a: Minun|159/243|[from] item: Leftovers","|-item|p1a: Malaconda|Sitrus Berry|[from] ability: Harvest","|turn|17","|callback|decision","|chat|Necris|-_-","|","|move|p2a: Minun|Hidden Power|p1a: Malaconda","|-supereffective|p1a: Malaconda","|-damage|p1a: Malaconda|94/292","|-enditem|p1a: Malaconda|Sitrus Berry|[eat]","|-heal|p1a: Malaconda|167/292|[from] item: Sitrus Berry","|move|p1a: Malaconda|Crunch|p2a: Minun","|-damage|p2a: Minun|62/243","|-unboost|p2a: Minun|def|1","|","|-weather|SunnyDay|[upkeep]","|-heal|p2a: Minun|77/243|[from] item: Leftovers","|-item|p1a: Malaconda|Sitrus Berry|[from] ability: Harvest","|turn|18","|callback|decision","|","|move|p2a: Minun|Thunderbolt|p1a: Malaconda","|-resisted|p1a: Malaconda","|-damage|p1a: Malaconda|131/292","|-enditem|p1a: Malaconda|Sitrus Berry|[eat]","|-heal|p1a: Malaconda|204/292|[from] item: Sitrus Berry","|move|p1a: Malaconda|Crunch|p2a: Minun","|-damage|p2a: Minun|0 fnt","|faint|p2a: Minun","|","|-weather|SunnyDay|[upkeep]","|-item|p1a: Malaconda|Sitrus Berry|[from] ability: Harvest","|callback|decision","|","|switch|p2a: Cresselia|Cresselia, L80, F|323/323","|turn|19","|callback|decision","|","|move|p2a: Cresselia|Reflect|p2a: Cresselia","|-sidestart|p2: Necris|Reflect","|move|p1a: Malaconda|Crunch|p2a: Cresselia","|-crit|p2a: Cresselia","|-supereffective|p2a: Cresselia","|-damage|p2a: Cresselia|87/323","|","|-weather|SunnyDay|[upkeep]","|turn|20","|callback|decision","|","|move|p2a: Cresselia|Ice Beam|p1a: Malaconda","|-supereffective|p1a: Malaconda","|-damage|p1a: Malaconda|124/292","|-enditem|p1a: Malaconda|Sitrus Berry|[eat]","|-heal|p1a: Malaconda|197/292|[from] item: Sitrus Berry","|move|p1a: Malaconda|Crunch|p2a: Cresselia","|-supereffective|p2a: Cresselia","|-damage|p2a: Cresselia|27/323","|","|-weather|SunnyDay|[upkeep]","|-item|p1a: Malaconda|Sitrus Berry|[from] ability: Harvest","|turn|21","|callback|decision","|chat|PlasmaKirby|wow","|","|move|p2a: Cresselia|Lunar Dance|p2a: Cresselia","|faint|p2a: Cresselia","|move|p1a: Malaconda|Crunch|p2: Cresselia|[notarget]","|-notarget","|","|-weather|SunnyDay|[upkeep]","|callback|decision","|","|switch|p2a: Rhydon|Rhydon, L82, M|239/306","|-heal|p2a: Rhydon|306/306|[from] move: Lunar Dance","|turn|22","|callback|decision","|","|move|p1a: Malaconda|Toxic|p2a: Rhydon","|-status|p2a: Rhydon|tox","|move|p2a: Rhydon|Stone Edge|p1a: Malaconda","|-damage|p1a: Malaconda|0 fnt","|faint|p1a: Malaconda","|","|-weather|SunnyDay|[upkeep]","|-damage|p2a: Rhydon|287/306 tox|[from] psn","|callback|decision","|","|switch|p1a: Emboar|Emboar, L82, M|45/315","|-damage|p1a: Emboar|6/315|[from] Stealth Rock","|turn|23","|callback|decision","|chat|Necris|finnaly","|","|switch|p2a: Tirtouga|Tirtouga, L95, F|257/257","|-item|p2a: Tirtouga|Air Balloon","|move|p1a: Emboar|Superpower|p2a: Tirtouga","|-supereffective|p2a: Tirtouga","|-damage|p2a: Tirtouga|111/257","|-enditem|p2a: Tirtouga|Air Balloon","|-unboost|p1a: Emboar|atk|1","|-unboost|p1a: Emboar|def|1","|","|-weather|SunnyDay|[upkeep]","|turn|24","|callback|decision","|","|move|p2a: Tirtouga|Aqua Jet|p1a: Emboar","|-supereffective|p1a: Emboar","|-damage|p1a: Emboar|0 fnt","|faint|p1a: Emboar","|","|-weather|SunnyDay|[upkeep]","|callback|decision","|","|switch|p1a: Dialga|Dialga, L70|256/256","|-damage|p1a: Dialga|240/256|[from] Stealth Rock","|-ability|p1a: Dialga|Pressure","|turn|25","|callback|decision","|","|move|p2a: Tirtouga|Earthquake|p1a: Dialga","|-supereffective|p1a: Dialga","|-damage|p1a: Dialga|90/256","|move|p1a: Dialga|Dragon Tail|p2a: Tirtouga","|-damage|p2a: Tirtouga|87/257","|drag|p2a: Rhydon|Rhydon, L82, M|287/306 tox","|","|-weather|SunnyDay|[upkeep]","|-heal|p1a: Dialga|106/256|[from] item: Leftovers","|-heal|p2a: Rhydon|306/306 tox|[from] item: Leftovers","|-damage|p2a: Rhydon|287/306 tox|[from] psn","|turn|26","|callback|decision","|","|move|p1a: Dialga|Fire Blast|p2a: Rhydon|[miss]","|-miss|p1a: Dialga|p2a: Rhydon","|move|p2a: Rhydon|Earthquake|p1a: Dialga","|-supereffective|p1a: Dialga","|-damage|p1a: Dialga|0 fnt","|faint|p1a: Dialga","|","|-weather|SunnyDay|[upkeep]","|-heal|p2a: Rhydon|306/306 tox|[from] item: Leftovers","|-damage|p2a: Rhydon|268/306 tox|[from] psn","|-sideend|p2: Necris|Reflect","|callback|decision","|","|switch|p1a: Growlithe|Growlithe, L95, M|258/258","|-damage|p1a: Growlithe|194/258|[from] Stealth Rock","|-ability|p1a: Growlithe|Intimidate|[of] p2a: Rhydon","|-unboost|p2a: Rhydon|atk|1","|-item|p1a: Growlithe|Air Balloon","|turn|27","|callback|decision","|","|switch|p2a: Tirtouga|Tirtouga, L95, F|87/257","|move|p1a: Growlithe|Close Combat|p2a: Tirtouga","|-supereffective|p2a: Tirtouga","|-damage|p2a: Tirtouga|0 fnt","|-unboost|p1a: Growlithe|def|1","|-unboost|p1a: Growlithe|spd|1","|faint|p2a: Tirtouga","|","|-weather|SunnyDay|[upkeep]","|callback|decision","|","|switch|p2a: Rhydon|Rhydon, L82, M|268/306 tox","|turn|28","|callback|decision","|","|move|p1a: Growlithe|Close Combat|p2a: Rhydon","|-supereffective|p2a: Rhydon","|-damage|p2a: Rhydon|134/306 tox","|-unboost|p1a: Growlithe|def|1","|-unboost|p1a: Growlithe|spd|1","|move|p2a: Rhydon|Stone Edge|p1a: Growlithe","|-supereffective|p1a: Growlithe","|-damage|p1a: Growlithe|0 fnt","|-enditem|p1a: Growlithe|Air Balloon","|faint|p1a: Growlithe","|","|win|Necris"],"p1rating":{"entryid":"1040364","serverid":"tervari","formatid":"randombattle","userid":"plasmakirby","username":"PlasmaKirby","w":"1","l":1,"t":"0","gxe":54.3,"r":"1500","rd":"350","sigma":"0.06","rptime":"1373241600","rpr":1551.7354704273,"rprd":261.33213083614,"rpsigma":0.059996851731053,"acre":1183.802660369,"lacre":-3816.197339631,"oldacre":1212.6066237495,"oldrdacre":1147.6974660612},"p2rating":{"entryid":"944743","serverid":"tervari","formatid":"randombattle","userid":"necris","username":"Necris","w":3,"l":"0","t":"0","gxe":82.4,"r":"1893.1533302167","rd":"257.84398823035","sigma":"0.060005997669435","rptime":"1373241600","rpr":1948.0149075755,"rprd":233.8966753014,"rpsigma":0.060004162776675,"acre":1618.7088221295,"lacre":-3381.2911778705,"oldacre":1529.8349760997,"oldrdacre":1584.6965534585},"endType":"normal"}