{"turns":22,"p1":"PlasmaKirby","p2":"Natu Serious","p1team":[{"name":"Vulpix","moves":["flamethrower","hypnosis","substitute","painsplit"],"ability":"Drought","evs":{"hp":85,"atk":85,"def":85,"spa":85,"spd":85,"spe":85},"ivs":{"hp":31,"atk":31,"def":31,"spa":31,"spd":31,"spe":31},"item":"Leftovers","level":95,"shiny":false},{"name":"Mawile","moves":["firefang","ironhead","crunch","substitute"],"ability":"Sheer Force","evs":{"hp":85,"atk":85,"def":85,"spa":85,"spd":85,"spe":85},"ivs":{"hp":31,"atk":31,"def":31,"spa":31,"spd":31,"spe":31},"item":"Life Orb","level":86,"shiny":false},{"name":"Kyurem-Black","moves":["icebeam","outrage","fusionbolt","roost"],"ability":"Teravolt","evs":{"hp":85,"atk":85,"def":85,"spa":85,"spd":85,"spe":85},"ivs":{"hp":31,"atk":31,"def":31,"spa":31,"spd":31,"spe":31},"item":"Leftovers","level":74,"shiny":false},{"name":"Honchkrow","moves":["roost","hiddenpowergrass","suckerpunch","superpower"],"ability":"Moxie","evs":{"hp":85,"atk":85,"def":85,"spa":85,"spd":85,"spe":85},"ivs":{"hp":31,"atk":30,"def":31,"spa":30,"spd":31,"spe":31},"item":"Leftovers","level":78,"shiny":false},{"name":"Forretress","moves":["rapidspin","earthquake","bugbite","voltswitch"],"ability":"Sturdy","evs":{"hp":85,"atk":85,"def":85,"spa":85,"spd":85,"spe":85},"ivs":{"hp":31,"atk":31,"def":31,"spa":31,"spd":31,"spe":31},"item":"Leftovers","level":74,"shiny":false},{"name":"Absol","moves":["suckerpunch","megahorn","psychocut","pursuit"],"ability":"Pressure","evs":{"hp":85,"atk":85,"def":85,"spa":85,"spd":85,"spe":85},"ivs":{"hp":31,"atk":31,"def":31,"spa":31,"spd":31,"spe":31},"item":"Expert Belt","level":82,"shiny":false}],"p2team":[{"name":"Froslass","moves":["shadowball","icebeam","taunt","destinybond"],"ability":"Cursed Body","evs":{"hp":85,"atk":85,"def":85,"spa":85,"spd":85,"spe":85},"ivs":{"hp":31,"atk":31,"def":31,"spa":31,"spd":31,"spe":31},"item":"Focus Sash","level":78,"shiny":false},{"name":"Sawsbuck","moves":["return","naturepower","hornleech","jumpkick"],"ability":"Sap Sipper","evs":{"hp":85,"atk":85,"def":85,"spa":85,"spd":85,"spe":85},"ivs":{"hp":31,"atk":31,"def":31,"spa":31,"spd":31,"spe":31},"item":"Life Orb","level":86,"shiny":false},{"name":"Woobat","moves":["airslash","calmmind","psychic","heatwave"],"ability":"Simple","evs":{"hp":85,"atk":85,"def":85,"spa":85,"spd":85,"spe":85},"ivs":{"hp":31,"atk":31,"def":31,"spa":31,"spd":31,"spe":31},"item":"Life Orb","level":95,"shiny":false},{"name":"Aggron","moves":["heavyslam","aquatail","superpower","thunderwave"],"ability":"Sturdy","evs":{"hp":85,"atk":85,"def":85,"spa":85,"spd":85,"spe":85},"ivs":{"hp":31,"atk":31,"def":31,"spa":31,"spd":31,"spe":31},"item":"Air Balloon","level":82,"shiny":false},{"name":"Noctowl","moves":["magiccoat","airslash","toxic","roost"],"ability":"Tinted Lens","evs":{"hp":85,"atk":85,"def":85,"spa":85,"spd":85,"spe":85},"ivs":{"hp":31,"atk":31,"def":31,"spa":31,"spd":31,"spe":31},"item":"Leftovers","level":86,"shiny":false},{"name":"Rhydon","moves":["stoneedge","megahorn","stealthrock","earthquake"],"ability":"Rock Head","evs":{"hp":85,"atk":85,"def":85,"spa":85,"spd":85,"spe":85},"ivs":{"hp":31,"atk":31,"def":31,"spa":31,"spd":31,"spe":31},"item":"Leftovers","level":82,"shiny":false}],"log":["|player|p1|PlasmaKirby|267","|player|p2|Natu Serious|97","|gametype|singles","|tier|Random Battle","|rated","|rule|Sleep Clause Mod: Limit one foe put to sleep","|rule|HP Percentage Mod: HP is reported as percentages","|","|start","|switch|p1a: Vulpix|Vulpix, L95, M|226/226","|switch|p2a: Froslass|Froslass, L78, F|237/237","|-weather|SunnyDay|[from] ability: Drought|[of] p1a: Vulpix","|turn|1","|callback|decision","|chat|Natu Serious|gl","|chat|PlasmaKirby|gl & hf","|","|move|p2a: Froslass|Shadow Ball|p1a: Vulpix","|-damage|p1a: Vulpix|160/226","|move|p1a: Vulpix|Flamethrower|p2a: Froslass","|-supereffective|p2a: Froslass","|-enditem|p2a: Froslass|Focus Sash","|-damage|p2a: Froslass|1/237","|","|-weather|SunnyDay|[upkeep]","|-heal|p1a: Vulpix|174/226|[from] item: Leftovers","|turn|2","|callback|decision","|","|move|p2a: Froslass|Destiny Bond|p2a: Froslass","|-singlemove|p2a: Froslass|Destiny Bond","|move|p1a: Vulpix|Flamethrower|p2a: Froslass","|-supereffective|p2a: Froslass","|-damage|p2a: Froslass|0 fnt","|-start|p1a: Vulpix|Disable|Flamethrower","|faint|p2a: Froslass","|-activate|p2a: Froslass|Destiny Bond","|faint|p1a: Vulpix","|","|-weather|SunnyDay|[upkeep]","|callback|decision","|","|switch|p2a: Sawsbuck|Sawsbuck, L86, M|278/278","|switch|p1a: Mawile|Mawile, L86, F|226/226","|turn|3","|callback|decision","|","|move|p2a: Sawsbuck|Nature Power|p2a: Sawsbuck","|move|p2a: Sawsbuck|Earthquake|p1a: Mawile|[from]Nature Power","|-supereffective|p1a: Mawile","|-damage|p1a: Mawile|42/226","|-damage|p2a: Sawsbuck|251/278|[from] item: Life Orb","|move|p1a: Mawile|Fire Fang|p2a: Sawsbuck","|-supereffective|p2a: Sawsbuck","|-damage|p2a: Sawsbuck|17/278","|","|-weather|SunnyDay|[upkeep]","|turn|4","|callback|decision","|","|move|p2a: Sawsbuck|Nature Power|p2a: Sawsbuck","|move|p2a: Sawsbuck|Earthquake|p1a: Mawile|[from]Nature Power","|-supereffective|p1a: Mawile","|-damage|p1a: Mawile|0 fnt","|-damage|p2a: Sawsbuck|0 fnt|[from] item: Life Orb","|faint|p1a: Mawile","|faint|p2a: Sawsbuck","|","|-weather|SunnyDay|[upkeep]","|callback|decision","|","|switch|p2a: Woobat|Woobat, L95, M|258/258","|switch|p1a: Forretress|Forretress, L74, F|233/233","|turn|5","|callback|decision","|","|move|p2a: Woobat|Heat Wave|p1a: Forretress","|-supereffective|p1a: Forretress","|-activate|p1a: Forretress|Sturdy","|-damage|p1a: Forretress|1/233","|-damage|p2a: Woobat|233/258|[from] item: Life Orb","|move|p1a: Forretress|Bug Bite|p2a: Woobat","|-damage|p2a: Woobat|160/258","|","|-weather|SunnyDay|[upkeep]","|-heal|p1a: Forretress|15/233|[from] item: Leftovers","|turn|6","|callback|decision","|","|switch|p1a: Absol|Absol, L82, F|241/241","|-ability|p1a: Absol|Pressure","|move|p2a: Woobat|Calm Mind|p2a: Woobat","|-boost|p2a: Woobat|spa|2","|-boost|p2a: Woobat|spd|2","|","|-weather|SunnyDay|[upkeep]","|turn|7","|callback|decision","|","|move|p2a: Woobat|Calm Mind|p2a: Woobat","|-boost|p2a: Woobat|spa|2","|-boost|p2a: Woobat|spd|2","|move|p1a: Absol|Pursuit|p2a: Woobat","|-supereffective|p2a: Woobat","|-damage|p2a: Woobat|0 fnt","|faint|p2a: Woobat","|","|-weather|SunnyDay|[upkeep]","|callback|decision","|","|switch|p2a: Rhydon|Rhydon, L82, F|306/306","|turn|8","|callback|decision","|","|switch|p1a: Forretress|Forretress, L74, F|15/233","|move|p2a: Rhydon|Megahorn|p1a: Forretress","|-resisted|p1a: Forretress","|-damage|p1a: Forretress|0 fnt","|faint|p1a: Forretress","|","|-weather|SunnyDay|[upkeep]","|callback|decision","|","|switch|p1a: Honchkrow|Honchkrow, L78, M|284/284","|turn|9","|callback|decision","|","|move|p1a: Honchkrow|Hidden Power|p2a: Rhydon","|-supereffective|p2a: Rhydon","|-damage|p2a: Rhydon|14/306","|move|p2a: Rhydon|Stone Edge|p1a: Honchkrow","|-supereffective|p1a: Honchkrow","|-damage|p1a: Honchkrow|0 fnt","|faint|p1a: Honchkrow","|","|-weather|SunnyDay|[upkeep]","|-heal|p2a: Rhydon|33/306|[from] item: Leftovers","|callback|decision","|","|switch|p1a: Absol|Absol, L82, F|241/241","|-ability|p1a: Absol|Pressure","|turn|10","|callback|decision","|","|move|p1a: Absol|Psycho Cut|p2a: Rhydon","|-damage|p2a: Rhydon|0 fnt","|faint|p2a: Rhydon","|","|-weather|SunnyDay|[upkeep]","|callback|decision","|","|switch|p2a: Noctowl|Noctowl, L86, M|312/312","|turn|11","|callback|decision","|","|move|p2a: Noctowl|Toxic|p1a: Absol","|-status|p1a: Absol|tox","|move|p1a: Absol|Pursuit|p2a: Noctowl","|-damage|p2a: Noctowl|243/312","|","|-weather|SunnyDay|[upkeep]","|-heal|p2a: Noctowl|262/312|[from] item: Leftovers","|-damage|p1a: Absol|226/241 tox|[from] psn","|turn|12","|callback|decision","|","|move|p1a: Absol|Psycho Cut|p2a: Noctowl","|-damage|p2a: Noctowl|183/312","|move|p2a: Noctowl|Air Slash|p1a: Absol","|-damage|p1a: Absol|138/241 tox","|","|-weather|SunnyDay|[upkeep]","|-heal|p2a: Noctowl|202/312|[from] item: Leftovers","|-damage|p1a: Absol|108/241 tox|[from] psn","|turn|13","|callback|decision","|","|move|p1a: Absol|Sucker Punch|p2a: Noctowl","|-fail|p2a: Noctowl","|move|p2a: Noctowl|Roost|p2a: Noctowl","|-heal|p2a: Noctowl|312/312","|","|-weather|SunnyDay|[upkeep]","|-damage|p1a: Absol|63/241 tox|[from] psn","|turn|14","|callback|decision","|","|move|p1a: Absol|Psycho Cut|p2a: Noctowl","|-damage|p2a: Noctowl|228/312","|move|p2a: Noctowl|Air Slash|p1a: Absol","|-damage|p1a: Absol|0 fnt","|faint|p1a: Absol","|","|-weather|SunnyDay|[upkeep]","|-heal|p2a: Noctowl|247/312|[from] item: Leftovers","|callback|decision","|","|switch|p1a: Kyurem-Black|Kyurem-Black, L74|307/307","|-ability|p1a: Kyurem-Black|Teravolt","|turn|15","|callback|decision","|","|move|p1a: Kyurem-Black|Fusion Bolt|p2a: Noctowl","|-supereffective|p2a: Noctowl","|-damage|p2a: Noctowl|15/312","|move|p2a: Noctowl|Toxic|p1a: Kyurem-Black|[miss]","|-miss|p2a: Noctowl|p1a: Kyurem-Black","|","|-weather|SunnyDay|[upkeep]","|-heal|p2a: Noctowl|34/312|[from] item: Leftovers","|turn|16","|callback|decision","|chat|Necris|didnt see that coming","|","|move|p1a: Kyurem-Black|Ice Beam|p2a: Noctowl","|-supereffective|p2a: Noctowl","|-damage|p2a: Noctowl|0 fnt","|faint|p2a: Noctowl","|","|-weather|SunnyDay|[upkeep]","|callback|decision","|","|switch|p2a: Aggron|Aggron, L82, M|249/249","|-item|p2a: Aggron|Air Balloon","|turn|17","|callback|decision","|","|move|p1a: Kyurem-Black|Fusion Bolt|p2a: Aggron","|-damage|p2a: Aggron|195/249","|-enditem|p2a: Aggron|Air Balloon","|move|p2a: Aggron|Heavy Slam|p1a: Kyurem-Black","|-supereffective|p1a: Kyurem-Black","|-damage|p1a: Kyurem-Black|223/307","|","|-weather|SunnyDay|[upkeep]","|-heal|p1a: Kyurem-Black|242/307|[from] item: Leftovers","|turn|18","|callback|decision","|","|move|p1a: Kyurem-Black|Fusion Bolt|p2a: Aggron","|-damage|p2a: Aggron|148/249","|move|p2a: Aggron|Superpower|p1a: Kyurem-Black","|-supereffective|p1a: Kyurem-Black","|-damage|p1a: Kyurem-Black|60/307","|-unboost|p2a: Aggron|atk|1","|-unboost|p2a: Aggron|def|1","|","|-weather|SunnyDay|[upkeep]","|-heal|p1a: Kyurem-Black|79/307|[from] item: Leftovers","|turn|19","|callback|decision","|","|move|p1a: Kyurem-Black|Roost|p1a: Kyurem-Black","|-heal|p1a: Kyurem-Black|233/307","|move|p2a: Aggron|Superpower|p1a: Kyurem-Black","|-supereffective|p1a: Kyurem-Black","|-damage|p1a: Kyurem-Black|121/307","|-unboost|p2a: Aggron|atk|1","|-unboost|p2a: Aggron|def|1","|","|-weather|SunnyDay|[upkeep]","|-heal|p1a: Kyurem-Black|140/307|[from] item: Leftovers","|turn|20","|callback|decision","|","|move|p1a: Kyurem-Black|Roost|p1a: Kyurem-Black","|-heal|p1a: Kyurem-Black|294/307","|move|p2a: Aggron|Superpower|p1a: Kyurem-Black","|-supereffective|p1a: Kyurem-Black","|-damage|p1a: Kyurem-Black|200/307","|-unboost|p2a: Aggron|atk|1","|-unboost|p2a: Aggron|def|1","|","|-weather|SunnyDay|[upkeep]","|-heal|p1a: Kyurem-Black|219/307|[from] item: Leftovers","|turn|21","|callback|decision","|","|move|p1a: Kyurem-Black|Fusion Bolt|p2a: Aggron","|-damage|p2a: Aggron|22/249","|move|p2a: Aggron|Superpower|p1a: Kyurem-Black","|-supereffective|p1a: Kyurem-Black","|-damage|p1a: Kyurem-Black|151/307","|-unboost|p2a: Aggron|atk|1","|-unboost|p2a: Aggron|def|1","|","|-weather|SunnyDay|[upkeep]","|-heal|p1a: Kyurem-Black|170/307|[from] item: Leftovers","|turn|22","|callback|decision","|","|move|p1a: Kyurem-Black|Outrage|p2a: Aggron","|-crit|p2a: Aggron","|-resisted|p2a: Aggron","|-damage|p2a: Aggron|0 fnt","|faint|p2a: Aggron","|","|win|PlasmaKirby"],"p1rating":{"entryid":1040364,"formatid":"randombattle","userid":"plasmakirby","username":"PlasmaKirby","r":1500,"rd":350,"sigma":0.06,"rpr":1616.6446281156,"rprd":286.97661565722,"rpsigma":0.059998375262668,"gxe":59.5,"rptime":1373241600,"w":1,"l":0,"t":0,"acre":1212.6066237495,"lacre":-3787.3933762505,"oldacre":1007.0121159332,"oldrdacre":1123.6567440487},"p2rating":{"entryid":"941027","serverid":"tervari","formatid":"randombattle","userid":"natuserious","username":"Natu^?^Serious","w":"0","l":2,"t":"0","gxe":30,"r":"1337.6891074328","rd":"290.50600286916","sigma":"0.059999269601799","rptime":"1373241600","rpr":1249.3694837893,"rprd":256.47356643065,"rpsigma":0.05999786749617,"acre":888.27710796643,"lacre":-4111.7228920336,"oldacre":928.4188671756,"oldrdacre":840.09924353214},"endType":"normal"}