{"turns":21,"p1":"Lagalaga","p2":"The leprechaun","p1team":[{"name":"En Passant","species":"Bisharp","item":"Dark Gem","nature":"Adamant","evs":{"atk":252,"hp":248,"spd":0,"spe":8,"def":0,"spa":0},"ivs":{"hp":31,"atk":31,"def":31,"spa":31,"spd":31,"spe":31},"moves":["Night Slash","Iron Head","Sucker Punch","Protect"],"ability":"Defiant","level":100,"forcedLevel":100},{"name":"Hot Turd","species":"Heatran","item":"Leftovers","nature":"Modest","evs":{"spe":68,"atk":0,"hp":188,"spa":252,"def":0,"spd":0},"ivs":{"hp":31,"atk":31,"def":31,"spa":31,"spd":31,"spe":31},"moves":["Heat Wave","Substitute","Protect","Earth Power"],"ability":"Flash Fire","level":100,"forcedLevel":100},{"name":"Montezeusma","species":"Thundurus","item":"Electric Gem","nature":"Timid","evs":{"spe":252,"spa":252,"hp":4,"atk":0,"def":0,"spd":0},"ivs":{"atk":30,"def":30,"spe":31,"hp":31,"spa":31,"spd":31},"moves":["Thunderbolt","Thunder Wave","Taunt","Hidden Power Ice"],"ability":"Prankster","gender":"M","level":100,"forcedLevel":100},{"name":"Pumped Up Kicks","species":"Hitmontop","item":"Fighting Gem","nature":"Adamant","evs":{"atk":252,"hp":244,"spd":0,"spe":12,"def":0,"spa":0},"ivs":{"hp":31,"atk":31,"def":31,"spa":31,"spd":31,"spe":31},"moves":["Close Combat","Sucker Punch","Fake Out","Wide Guard"],"ability":"Intimidate","gender":"M","level":100,"forcedLevel":100},{"name":"Dragons n' shit","species":"Garchomp","item":"Yache Berry","nature":"Jolly","evs":{"spe":248,"atk":252,"hp":8,"def":0,"spa":0,"spd":0},"ivs":{"hp":30,"atk":30,"def":30,"spa":30,"spd":30,"spe":31},"moves":["Dragon Claw","Earthquake","Rock Slide","Protect"],"ability":"Rough Skin","level":100,"gender":"M","forcedLevel":100},{"name":"(mooning)","species":"Cresselia","item":"Leftovers","nature":"Bold","evs":{"spd":188,"hp":252,"spa":0,"def":60,"spe":8,"atk":0},"ivs":{"hp":31,"atk":31,"def":31,"spa":31,"spd":31,"spe":31},"moves":["Psychic","Thunder Wave","Sunny Day","Helping Hand"],"ability":"Levitate","level":100,"gender":"F","forcedLevel":100}],"p2team":[{"name":"Top Bloke","species":"Hitmontop","item":"Sitrus Berry","nature":"Adamant","evs":{"atk":252,"hp":252,"spd":4,"def":0,"spe":0,"spa":0},"ivs":{"hp":31,"atk":31,"def":31,"spa":31,"spd":31,"spe":31},"moves":["Wide Guard","Fake Out","Close Combat","Sucker Punch"],"ability":"Intimidate","gender":"M","level":100,"forcedLevel":100},{"name":"Kyle","species":"Mamoswine","item":"Life Orb","nature":"Jolly","evs":{"atk":252,"hp":0,"spd":4,"spe":252,"def":0,"spa":0},"ivs":{"hp":31,"atk":31,"def":31,"spa":31,"spd":31,"spe":31},"moves":["Ice Shard","Icicle Crash","Protect","Earthquake"],"ability":"Thick Fat","level":100,"gender":"M","forcedLevel":100},{"name":"Mencemeat","species":"Salamence","item":"Yache Berry","nature":"Timid","evs":{"spe":252,"spa":252,"spd":4,"hp":0,"atk":0,"def":0},"ivs":{"hp":31,"atk":31,"def":31,"spa":31,"spd":31,"spe":31},"moves":["Draco Meteor","Heat Wave","Tailwind","Protect"],"ability":"Intimidate","level":100,"forcedLevel":100},{"name":"Smith and Wesson","species":"Metagross","item":"Occa Berry","nature":"Adamant","evs":{"atk":252,"spe":252,"hp":4,"spa":0,"def":0,"spd":0},"ivs":{"hp":31,"atk":31,"def":31,"spa":31,"spd":31,"spe":31},"moves":["Bullet Punch","Meteor Mash","Explosion","Protect"],"ability":"Clear Body","gender":"N","level":100,"forcedLevel":100},{"name":"Launderama","species":"Rotom-Wash","item":"Expert Belt","nature":"Modest","evs":{"spa":252,"hp":252,"spd":4,"atk":0,"def":0,"spe":0},"ivs":{"atk":30,"spa":30,"spe":30,"hp":31,"def":31,"spd":31},"moves":["Hydro Pump","Thunderbolt","Protect","Hidden Power Fire"],"ability":"Levitate","level":100,"gender":"N","forcedLevel":100},{"name":"Battle penguin","species":"Empoleon","item":"Chople Berry","nature":"Modest","evs":{"hp":252,"spa":252,"spd":4,"atk":0,"def":0,"spe":0},"ivs":{"hp":31,"atk":31,"def":31,"spa":31,"spd":31,"spe":31},"moves":["Grass Knot","Scald","Protect","Icy Wind"],"ability":"Torrent","level":100,"forcedLevel":100}],"log":["|player|p1|Lagalaga|161","|player|p2|The leprechaun|253","|gametype|doubles","|tier|Smogon Doubles","|rated","|clearpoke","|poke|p1|Bisharp, F","|poke|p1|Heatran, F","|poke|p1|Thundurus, M","|poke|p1|Hitmontop, M","|poke|p1|Garchomp, M","|poke|p1|Cresselia, F","|poke|p2|Hitmontop, M","|poke|p2|Mamoswine, M","|poke|p2|Salamence, M","|poke|p2|Metagross","|poke|p2|Rotom-Wash","|poke|p2|Empoleon, M","|rule|Sleep Clause Mod: Limit one foe put to sleep","|rule|Species Clause: Limit one of each Pokemon","|rule|OHKO Clause: OHKO moves are banned","|rule|Moody Clause: Moody is banned","|rule|Evasion Moves Clause: Evasion moves are banned","|rule|Evasion Abilities Clause: Evasion abilities are banned","|rule|HP Percentage Mod: HP is reported as percentages","|teampreview","|callback|decision","|chat|The leprechaun|hf man","|chat|Lagalaga|for first place","|chat|Lagalaga|cheers ","|chat|Lagalaga|:D","|","|start","|switch|p1a: En Passant|Bisharp, F|333/333","|switch|p1b: Pumped Up Kicks|Hitmontop, M|302/302","|switch|p2a: Kyle|Mamoswine, M|361/361","|switch|p2b: Top Bloke|Hitmontop, M|304/304","|-ability|p1b: Pumped Up Kicks|Intimidate|[of] p2a: Kyle","|-unboost|p2a: Kyle|atk|1","|-ability|p1b: Pumped Up Kicks|Intimidate|[of] p2b: Top Bloke","|-unboost|p2b: Top Bloke|atk|1","|-ability|p2b: Top Bloke|Intimidate|[of] p1a: En Passant","|-unboost|p1a: En Passant|atk|1","|-boost|p1a: En Passant|atk|2|[from] ability: Defiant","|-ability|p2b: Top Bloke|Intimidate|[of] p1b: Pumped Up Kicks","|-unboost|p1b: Pumped Up Kicks|atk|1","|turn|1","|callback|decision","|chat|Lagalaga|yay boost","|chat|Lagalaga|:3","|chat|The leprechaun|yeah, was so close to leading with both intimidaters","|chat|Lagalaga|if you had done that","|chat|Lagalaga|lawd","|","|move|p2a: Kyle|Protect|p2a: Kyle","|-singleturn|p2a: Kyle|Protect","|move|p1b: Pumped Up Kicks|Fake Out|p2a: Kyle","|-activate|p2a: Kyle|Protect","|move|p1a: En Passant|Iron Head|p2b: Top Bloke","|-damage|p2b: Top Bloke|46/304","|-enditem|p2b: Top Bloke|Sitrus Berry|[eat]","|-heal|p2b: Top Bloke|122/304|[from] item: Sitrus Berry","|move|p2b: Top Bloke|Close Combat|p1a: En Passant","|-supereffective|p1a: En Passant","|-damage|p1a: En Passant|0 fnt","|-unboost|p2b: Top Bloke|def|1","|-unboost|p2b: Top Bloke|spd|1","|faint|p1a: En Passant","|","|callback|decision","|chat|Lagalaga|aww man","|chat|Lagalaga|thought you would always fake out","|chat|Lagalaga|:|","|chat|The leprechaun|i have to play smart","|","|switch|p1a: (mooning)|Cresselia, F|444/444","|turn|2","|callback|decision","|chat|The leprechaun|this team is too good not to","|","|switch|p2a: Mencemeat|Salamence, M|331/331","|-ability|p2a: Mencemeat|Intimidate|[of] p1a: (mooning)","|-unboost|p1a: (mooning)|atk|1","|-ability|p2a: Mencemeat|Intimidate|[of] p1b: Pumped Up Kicks","|-unboost|p1b: Pumped Up Kicks|atk|1","|switch|p1b: Dragons n' shit|Garchomp, M|358/358","|switch|p2b: Smith and Wesson|Metagross|302/302","|move|p1a: (mooning)|Thunder Wave|p2b: Smith and Wesson","|-status|p2b: Smith and Wesson|par","|","|turn|3","|callback|decision","|","|switch|p1a: Hot Turd|Heatran, F|370/370","|switch|p2b: Top Bloke|Hitmontop, M|122/304","|-ability|p2b: Top Bloke|Intimidate|[of] p1a: Hot Turd","|-unboost|p1a: Hot Turd|atk|1","|-ability|p2b: Top Bloke|Intimidate|[of] p1b: Dragons n' shit","|-unboost|p1b: Dragons n' shit|atk|1","|move|p2a: Mencemeat|Protect|p2a: Mencemeat","|-singleturn|p2a: Mencemeat|Protect","|move|p1b: Dragons n' shit|Dragon Claw|p2a: Mencemeat","|-activate|p2a: Mencemeat|Protect","|","|turn|4","|callback|decision","|","|move|p1b: Dragons n' shit|Protect|p1b: Dragons n' shit","|-singleturn|p1b: Dragons n' shit|Protect","|move|p1a: Hot Turd|Protect|p1a: Hot Turd","|-singleturn|p1a: Hot Turd|Protect","|move|p2b: Top Bloke|Fake Out|p1b: Dragons n' shit","|-activate|p1b: Dragons n' shit|Protect","|move|p2a: Mencemeat|Tailwind|p2a: Mencemeat","|-sidestart|p2: The leprechaun|move: Tailwind","|","|turn|5","|callback|decision","|chat|Lagalaga|oh","|chat|Lagalaga|fak","|chat|The leprechaun|swag","|","|switch|p1a: (mooning)|Cresselia, F|444/444","|move|p2a: Mencemeat|Draco Meteor|p1b: Dragons n' shit","|-supereffective|p1b: Dragons n' shit","|-damage|p1b: Dragons n' shit|0 fnt","|-unboost|p2a: Mencemeat|spa|2","|faint|p1b: Dragons n' shit","|move|p2b: Top Bloke|Close Combat|p1a: (mooning)","|-resisted|p1a: (mooning)","|-damage|p1a: (mooning)|379/444","|-unboost|p2b: Top Bloke|def|1","|-unboost|p2b: Top Bloke|spd|1","|","|-heal|p1a: (mooning)|406/444|[from] item: Leftovers","|callback|decision","|chat|Lagalaga|THIS HAS THE WRONG ITEM","|chat|Lagalaga|HELLO","|chat|Lagalaga|IT IS SUPPOSED TO BE SASHED","|chat|The leprechaun|haban berry lol","|chat|The leprechaun|or that","|chat|Lagalaga|FUCKING GAY PIECE SIOJVSPJBSPJBISOJ ","|chat|Lagalaga|ÆOIj<æoi joæi Joæi<ah oiæx haoich naciuh lih  I am upset noe","|chat|Lagalaga|now","|","|switch|p1b: Hot Turd|Heatran, F|370/370","|turn|6","|callback|decision","|chat|Lagalaga|hmm","|","|switch|p2a: Smith and Wesson|Metagross|302/302 par","|move|p1b: Hot Turd|Protect|p1b: Hot Turd","|-singleturn|p1b: Hot Turd|Protect","|move|p2b: Top Bloke|Close Combat|p1b: Hot Turd","|-activate|p1b: Hot Turd|Protect","|move|p1a: (mooning)|Psychic|p2b: Top Bloke","|-supereffective|p2b: Top Bloke","|-damage|p2b: Top Bloke|0 fnt","|faint|p2b: Top Bloke","|","|-heal|p1a: (mooning)|433/444|[from] item: Leftovers","|callback|decision","|chat|Lagalaga|not too shabby","|chat|The leprechaun|noice","|","|switch|p2b: Kyle|Mamoswine, M|361/361","|turn|7","|callback|decision","|","|switch|p1b: Montezeusma|Thundurus, M|300/300","|switch|p2a: Mencemeat|Salamence, M|331/331","|-ability|p2a: Mencemeat|Intimidate|[of] p1a: (mooning)","|-unboost|p1a: (mooning)|atk|1","|-ability|p2a: Mencemeat|Intimidate|[of] p1b: Montezeusma","|-unboost|p1b: Montezeusma|atk|1","|move|p2b: Kyle|Icicle Crash|p1b: Montezeusma|[miss]","|-miss|p2b: Kyle|p1b: Montezeusma","|move|p1a: (mooning)|Psychic|p2b: Kyle","|-damage|p2b: Kyle|226/361","|","|-heal|p1a: (mooning)|444/444|[from] item: Leftovers","|-sideend|p2: The leprechaun|move: Tailwind","|turn|8","|callback|decision","|chat|Lagalaga|LOLOL","|chat|The leprechaun|WOW","|chat|The leprechaun|fuck you nigga","|chat|The leprechaun|i predicted that shit","|chat|Lagalaga|:P","|chat|The leprechaun|ggahahahahaha","|chat|Lagalaga|urgh mamo is way too much of a problem","|chat|Lagalaga|to my team","|","|switch|p1b: Pumped Up Kicks|Hitmontop, M|302/302","|-ability|p1b: Pumped Up Kicks|Intimidate|[of] p2a: Mencemeat","|-unboost|p2a: Mencemeat|atk|1","|-ability|p1b: Pumped Up Kicks|Intimidate|[of] p2b: Kyle","|-unboost|p2b: Kyle|atk|1","|move|p2a: Mencemeat|Draco Meteor|p1b: Pumped Up Kicks","|-damage|p1b: Pumped Up Kicks|92/302","|-unboost|p2a: Mencemeat|spa|2","|move|p2b: Kyle|Icicle Crash|p1b: Pumped Up Kicks","|-damage|p1b: Pumped Up Kicks|0 fnt","|-damage|p2b: Kyle|190/361|[from] item: Life Orb","|faint|p1b: Pumped Up Kicks","|move|p1a: (mooning)|Thunder Wave|p2a: Mencemeat","|-status|p2a: Mencemeat|par","|","|callback|decision","|","|switch|p1b: Montezeusma|Thundurus, M|300/300","|turn|9","|callback|decision","|","|switch|p1b: Hot Turd|Heatran, F|370/370","|move|p2b: Kyle|Icicle Crash|p1b: Hot Turd","|-resisted|p1b: Hot Turd","|-damage|p1b: Hot Turd|338/370","|-damage|p2b: Kyle|154/361|[from] item: Life Orb","|move|p1a: (mooning)|Psychic|p2b: Kyle","|-damage|p2b: Kyle|18/361","|move|p2a: Mencemeat|Draco Meteor|p1b: Hot Turd","|-resisted|p1b: Hot Turd","|-damage|p1b: Hot Turd|284/370","|-unboost|p2a: Mencemeat|spa|2","|","|-heal|p1b: Hot Turd|307/370|[from] item: Leftovers","|turn|10","|callback|decision","|","|switch|p2b: Smith and Wesson|Metagross|302/302 par","|switch|p2a: Launderama|Rotom-Wash|304/304","|move|p1a: (mooning)|Sunny Day|p1a: (mooning)","|-weather|SunnyDay","|move|p1b: Hot Turd|Substitute|p1b: Hot Turd","|-start|p1b: Hot Turd|Substitute","|-damage|p1b: Hot Turd|215/370","|","|-weather|SunnyDay|[upkeep]","|-heal|p1b: Hot Turd|238/370|[from] item: Leftovers","|turn|11","|callback|decision","|chat|Lagalaga|I was relying on overprediction","|chat|Lagalaga|and it fucking","|chat|Lagalaga|PAYED","|chat|Lagalaga|OFF","|chat|The leprechaun|this is some next shit","|","|move|p1a: (mooning)|Helping Hand|p1b: Hot Turd","|-singleturn|p1b: Hot Turd|Helping Hand|[of] p1a: (mooning)","|move|p2a: Launderama|Thunderbolt|p1b: Hot Turd","|-end|p1b: Hot Turd|Substitute","|move|p1b: Hot Turd|Heat Wave|p2b: Smith and Wesson","|-resisted|p2a: Launderama","|-damage|p2a: Launderama|161/304","|-enditem|p2b: Smith and Wesson|Occa Berry|[eat]","|-supereffective|p2b: Smith and Wesson","|-damage|p2b: Smith and Wesson|0 fnt","|faint|p2b: Smith and Wesson","|","|-weather|SunnyDay|[upkeep]","|-heal|p1b: Hot Turd|261/370|[from] item: Leftovers","|callback|decision","|chat|Lagalaga|Occa Berry?","|chat|Lagalaga|pssht","|chat|Lagalaga|NO","|chat|Lagalaga|:P","|","|switch|p2b: Battle penguin|Empoleon, M|372/372","|turn|12","|callback|decision","|","|move|p1b: Hot Turd|Protect|p1b: Hot Turd","|-singleturn|p1b: Hot Turd|Protect","|move|p1a: (mooning)|Thunder Wave|p2a: Launderama","|-status|p2a: Launderama|par","|move|p2a: Launderama|Thunderbolt|p1a: (mooning)","|-damage|p1a: (mooning)|330/444","|-status|p1a: (mooning)|par","|move|p2b: Battle penguin|Scald|p1a: (mooning)","|-damage|p1a: (mooning)|282/444 par","|","|-weather|SunnyDay|[upkeep]","|-heal|p1b: Hot Turd|284/370|[from] item: Leftovers","|-heal|p1a: (mooning)|309/444 par|[from] item: Leftovers","|turn|13","|callback|decision","|chat|Lagalaga|:o","|chat|The leprechaun|i wanted the burn lol","|chat|Lagalaga|:P","|","|move|p1b: Hot Turd|Substitute|p1b: Hot Turd","|-start|p1b: Hot Turd|Substitute","|-damage|p1b: Hot Turd|192/370","|move|p2b: Battle penguin|Icy Wind|p1a: (mooning)","|-miss|p2b: Battle penguin|p1a: (mooning)","|-resisted|p1b: Hot Turd","|-activate|p1b: Hot Turd|Substitute|[damage]","|move|p1a: (mooning)|Thunder Wave|p2b: Battle penguin","|-status|p2b: Battle penguin|par","|move|p2a: Launderama|Hydro Pump|p1b: Hot Turd","|-supereffective|p1b: Hot Turd","|-end|p1b: Hot Turd|Substitute","|","|-weather|SunnyDay|[upkeep]","|-heal|p1b: Hot Turd|215/370|[from] item: Leftovers","|-heal|p1a: (mooning)|336/444 par|[from] item: Leftovers","|turn|14","|callback|decision","|chat|Lagalaga|remember what happened last time you clicked hydro pump over t-bolt?","|chat|Lagalaga|yeah, dont","|","|cant|p1a: (mooning)|par","|move|p1b: Hot Turd|Heat Wave|p2b: Battle penguin","|-resisted|p2a: Launderama","|-damage|p2a: Launderama|51/304 par","|-damage|p2b: Battle penguin|153/372 par","|move|p2a: Launderama|Thunderbolt|p1b: Hot Turd","|-damage|p1b: Hot Turd|59/370","|cant|p2b: Battle penguin|par","|","|-weather|none","|-heal|p1b: Hot Turd|82/370|[from] item: Leftovers","|-heal|p1a: (mooning)|363/444 par|[from] item: Leftovers","|turn|15","|callback|decision","|chat|The leprechaun|i forgot you had sub","|chat|Lagalaga|:P","|","|move|p2a: Launderama|Protect|p2a: Launderama","|-singleturn|p2a: Launderama|Protect","|move|p1b: Hot Turd|Heat Wave|p2b: Battle penguin","|-activate|p2a: Launderama|Protect","|-damage|p2b: Battle penguin|17/372 par","|cant|p1a: (mooning)|par","|move|p2b: Battle penguin|Scald|p1b: Hot Turd","|-supereffective|p1b: Hot Turd","|-damage|p1b: Hot Turd|0 fnt","|faint|p1b: Hot Turd","|","|-heal|p1a: (mooning)|390/444 par|[from] item: Leftovers","|callback|decision","|chat|Lagalaga|:I","|","|switch|p1b: Montezeusma|Thundurus, M|300/300","|turn|16","|callback|decision","|","|move|p1b: Montezeusma|Thunderbolt|p2b: Battle penguin","|-enditem|p1b: Montezeusma|Electric Gem|[from] gem|[move] Thunderbolt","|-supereffective|p2b: Battle penguin","|-damage|p2b: Battle penguin|0 fnt","|faint|p2b: Battle penguin","|cant|p1a: (mooning)|par","|move|p2a: Launderama|Thunderbolt|p1b: Montezeusma","|-damage|p1b: Montezeusma|95/300","|","|-heal|p1a: (mooning)|417/444 par|[from] item: Leftovers","|callback|decision","|chat|Lagalaga|oh my gosh","|chat|Lagalaga|will you please hax cresselia more","|chat|The leprechaun|dude","|chat|Lagalaga|:P","|chat|The leprechaun|why are you complaining about hax","|","|switch|p2b: Kyle|Mamoswine, M|18/361","|turn|17","|callback|decision","|chat|Lagalaga|who says I am complaining about hax?","|","|move|p2b: Kyle|Protect|p2b: Kyle","|-singleturn|p2b: Kyle|Protect","|move|p1b: Montezeusma|Hidden Power|p2b: Kyle","|-activate|p2b: Kyle|Protect","|cant|p1a: (mooning)|par","|move|p2a: Launderama|Thunderbolt|p1a: (mooning)","|-damage|p1a: (mooning)|305/444 par","|","|-heal|p1a: (mooning)|332/444 par|[from] item: Leftovers","|turn|18","|callback|decision","|chat|The leprechaun|THIS IS SO HARD","|chat|Lagalaga|HELLO","|chat|Lagalaga|ok now","|chat|Lagalaga|its getting scary","|","|move|p2b: Kyle|Ice Shard|p1b: Montezeusma","|-supereffective|p1b: Montezeusma","|-damage|p1b: Montezeusma|0 fnt","|-damage|p2b: Kyle|0 fnt|[from] item: Life Orb","|faint|p1b: Montezeusma","|faint|p2b: Kyle","|move|p1a: (mooning)|Psychic|p2a: Launderama","|-crit|p2a: Launderama","|-damage|p2a: Launderama|0 fnt","|faint|p2a: Launderama","|","|-heal|p1a: (mooning)|359/444 par|[from] item: Leftovers","|callback|decision","|","|switch|p2a: Mencemeat|Salamence, M|331/331 par","|-ability|p2a: Mencemeat|Intimidate|[of] p1a: (mooning)","|-unboost|p1a: (mooning)|atk|1","|turn|19","|callback|decision","|","|move|p2a: Mencemeat|Heat Wave|p1a: (mooning)","|-damage|p1a: (mooning)|279/444 par","|move|p1a: (mooning)|Psychic|p2a: Mencemeat","|-damage|p2a: Mencemeat|226/331 par","|","|-heal|p1a: (mooning)|306/444 par|[from] item: Leftovers","|turn|20","|callback|decision","|","|move|p2a: Mencemeat|Heat Wave|p1a: (mooning)","|-damage|p1a: (mooning)|230/444 par","|move|p1a: (mooning)|Psychic|p2a: Mencemeat","|-damage|p2a: Mencemeat|126/331 par","|","|-heal|p1a: (mooning)|257/444 par|[from] item: Leftovers","|turn|21","|callback|decision","|","|move|p2a: Mencemeat|Heat Wave|p1a: (mooning)","|-damage|p1a: (mooning)|179/444 par","|move|p1a: (mooning)|Psychic|p2a: Mencemeat","|-crit|p2a: Mencemeat","|-damage|p2a: Mencemeat|0 fnt","|faint|p2a: Mencemeat","|","|win|Lagalaga"],"p1rating":{"entryid":941069,"formatid":"smogondoubles","userid":"lagalaga","username":"Lagalaga","r":1500,"rd":350,"sigma":0.06,"rpr":1662.3108925672,"rprd":290.31896252483,"rpsigma":0.059999269601799,"gxe":63,"rptime":1372723200,"w":1,"l":0,"t":0,"acre":1253.5671558013,"lacre":-3746.4328441987,"oldacre":1007.0121159332,"oldrdacre":1169.3230085004},"p2rating":{"entryid":941070,"formatid":"smogondoubles","userid":"theleprechaun","username":"The leprechaun","r":1500,"rd":350,"sigma":0.06,"rpr":1337.6891074328,"rprd":290.31896252483,"rpsigma":0.059999269601799,"gxe":37,"rptime":1372723200,"w":0,"l":1,"t":0,"acre":928.9453706669,"lacre":-4071.0546293331,"oldacre":1007.0121159332,"oldrdacre":844.70122336593},"endType":"normal"}