{"turns":23,"p1":"SteelgrassifyTest","p2":"Nyatu Serious","p1team":[{"name":"Gyarados","moves":["sleeptalk","rest","icefang","dragontail"],"ability":"Moxie","evs":{"hp":85,"atk":85,"def":85,"spa":85,"spd":85,"spe":85},"ivs":{"hp":31,"atk":31,"def":31,"spa":31,"spd":31,"spe":31},"item":"Leftovers","level":74,"shiny":false},{"name":"Politoed","moves":["protect","toxic","scald","perishsong"],"ability":"Drizzle","evs":{"hp":85,"atk":85,"def":85,"spa":85,"spd":85,"spe":85},"ivs":{"hp":31,"atk":31,"def":31,"spa":31,"spd":31,"spe":31},"item":"Leftovers","level":74,"shiny":false},{"name":"Bronzong","moves":["trickroom","explosion","earthquake","lightscreen"],"ability":"Levitate","evs":{"hp":85,"atk":85,"def":85,"spa":85,"spd":85,"spe":0},"ivs":{"hp":31,"atk":31,"def":31,"spa":31,"spd":31,"spe":0},"item":"Light Clay","level":78,"shiny":false},{"name":"Klang","moves":["shiftgear","geargrind","wildcharge","return"],"ability":"Clear Body","evs":{"hp":85,"atk":85,"def":85,"spa":85,"spd":85,"spe":85},"ivs":{"hp":31,"atk":31,"def":31,"spa":31,"spd":31,"spe":31},"item":"Life Orb","level":90,"shiny":false},{"name":"Surskit","moves":["hiddenpowerfire","gigadrain","signalbeam","hydropump"],"ability":"Rain Dish","evs":{"hp":85,"atk":85,"def":85,"spa":85,"spd":85,"spe":85},"ivs":{"hp":31,"atk":30,"def":31,"spa":30,"spd":31,"spe":30},"item":"Choice Specs","level":95,"shiny":false},{"name":"Zorua","moves":["darkpulse","extrasensory","hiddenpowerfighting","suckerpunch"],"ability":"Illusion","evs":{"hp":85,"atk":85,"def":85,"spa":85,"spd":85,"spe":85},"ivs":{"hp":31,"atk":31,"def":30,"spa":30,"spd":30,"spe":30},"item":"Expert Belt","level":95,"shiny":false}],"p2team":[{"name":"Slowbro","moves":["surf","icebeam","trick","thunderwave"],"ability":"Regenerator","evs":{"hp":85,"atk":85,"def":85,"spa":85,"spd":85,"spe":85},"ivs":{"hp":31,"atk":31,"def":31,"spa":31,"spd":31,"spe":31},"item":"Choice Scarf","level":78,"shiny":false},{"name":"Drowzee","moves":["seismictoss","protect","psychic","wish"],"ability":"Insomnia","evs":{"hp":85,"atk":85,"def":85,"spa":85,"spd":85,"spe":85},"ivs":{"hp":31,"atk":31,"def":31,"spa":31,"spd":31,"spe":31},"item":"Leftovers","level":95,"shiny":false},{"name":"Landorus-Therian","moves":["uturn","stoneedge","superpower","stealthrock"],"ability":"Intimidate","evs":{"hp":85,"atk":85,"def":85,"spa":85,"spd":85,"spe":85},"ivs":{"hp":31,"atk":31,"def":31,"spa":31,"spd":31,"spe":31},"item":"Leftovers","level":74,"shiny":false},{"name":"Stratagem","moves":["paleowave","calmmind","gigadrain","earthpower"],"ability":"Levitate","evs":{"hp":85,"atk":85,"def":85,"spa":85,"spd":85,"spe":85},"ivs":{"hp":31,"atk":31,"def":31,"spa":31,"spd":31,"spe":31},"item":"Life Orb","level":74,"shiny":false},{"name":"Deino","moves":["firefang","thunderwave","superpower","crunch"],"ability":"Hustle","evs":{"hp":85,"atk":85,"def":85,"spa":85,"spd":85,"spe":85},"ivs":{"hp":31,"atk":31,"def":31,"spa":31,"spd":31,"spe":31},"item":"Life Orb","level":95,"shiny":false},{"name":"Cyndaquil","moves":["eruption","hiddenpowergrass","fireblast","naturepower"],"ability":"Flash Fire","evs":{"hp":85,"atk":85,"def":85,"spa":85,"spd":85,"spe":85},"ivs":{"hp":31,"atk":30,"def":31,"spa":30,"spd":31,"spe":31},"item":"Air Balloon","level":95,"shiny":false}],"log":["|player|p1|SteelgrassifyTest|65","|player|p2|Nyatu Serious|97","|gametype|singles","|tier|Random Battle","|rated","|rule|Sleep Clause Mod: Limit one foe put to sleep","|rule|HP Percentage Mod: HP is reported as percentages","|","|start","|switch|p1a: Gyarados|Gyarados, L74, F|263/263","|switch|p2a: Slowbro|Slowbro, L78, F|276/276","|turn|1","|callback|decision","|chat|SteelgrassifyTest|well gl","|chat|Nyatu Serious|gl","|","|move|p2a: Slowbro|Trick|p1a: Gyarados","|-activate|p2a: Slowbro|move: Trick|[of] p1a: Gyarados","|-item|p1a: Gyarados|Choice Scarf|[from] move: Trick","|-item|p2a: Slowbro|Leftovers|[from] move: Trick","|move|p1a: Gyarados|Dragon Tail|p2a: Slowbro","|-damage|p2a: Slowbro|241/276","|drag|p2a: Drowzee|Drowzee, L95, F|268/268","|","|turn|2","|callback|decision","|","|switch|p1a: Politoed|Politoed, L74, F|255/255","|-weather|RainDance|[from] ability: Drizzle|[of] p1a: Politoed","|move|p2a: Drowzee|Seismic Toss|p1a: Politoed","|-damage|p1a: Politoed|160/255","|","|-weather|RainDance|[upkeep]","|-heal|p1a: Politoed|175/255|[from] item: Leftovers","|turn|3","|callback|decision","|","|move|p2a: Drowzee|Protect|p2a: Drowzee","|-singleturn|p2a: Drowzee|Protect","|move|p1a: Politoed|Toxic|p2a: Drowzee","|-activate|p2a: Drowzee|Protect","|","|-weather|RainDance|[upkeep]","|-heal|p1a: Politoed|190/255|[from] item: Leftovers","|turn|4","|callback|decision","|","|move|p1a: Politoed|Toxic|p2a: Drowzee","|-status|p2a: Drowzee|tox","|move|p2a: Drowzee|Seismic Toss|p1a: Politoed","|-damage|p1a: Politoed|95/255","|","|-weather|RainDance|[upkeep]","|-heal|p1a: Politoed|110/255|[from] item: Leftovers","|-damage|p2a: Drowzee|252/268 tox|[from] psn","|turn|5","|callback|decision","|","|move|p1a: Politoed|Protect|p1a: Politoed","|-singleturn|p1a: Politoed|Protect","|move|p2a: Drowzee|Psychic|p1a: Politoed","|-activate|p1a: Politoed|Protect","|","|-weather|RainDance|[upkeep]","|-heal|p1a: Politoed|125/255|[from] item: Leftovers","|-heal|p2a: Drowzee|268/268 tox|[from] item: Leftovers","|-damage|p2a: Drowzee|236/268 tox|[from] psn","|turn|6","|callback|decision","|","|move|p1a: Politoed|Scald|p2a: Drowzee","|-damage|p2a: Drowzee|158/268 tox","|move|p2a: Drowzee|Psychic|p1a: Politoed","|-damage|p1a: Politoed|49/255","|","|-weather|RainDance|[upkeep]","|-heal|p1a: Politoed|64/255|[from] item: Leftovers","|-heal|p2a: Drowzee|174/268 tox|[from] item: Leftovers","|-damage|p2a: Drowzee|126/268 tox|[from] psn","|turn|7","|callback|decision","|","|move|p1a: Politoed|Protect|p1a: Politoed","|-singleturn|p1a: Politoed|Protect","|move|p2a: Drowzee|Seismic Toss|p1a: Politoed","|-activate|p1a: Politoed|Protect","|","|-weather|RainDance|[upkeep]","|-heal|p1a: Politoed|79/255|[from] item: Leftovers","|-heal|p2a: Drowzee|142/268 tox|[from] item: Leftovers","|-damage|p2a: Drowzee|78/268 tox|[from] psn","|turn|8","|callback|decision","|","|move|p1a: Politoed|Scald|p2a: Drowzee","|-damage|p2a: Drowzee|0 fnt","|faint|p2a: Drowzee","|","|-weather|RainDance|[upkeep]","|-heal|p1a: Politoed|94/255|[from] item: Leftovers","|callback|decision","|","|switch|p2a: Stratagem|Stratagem, L74|255/255","|turn|9","|callback|decision","|","|move|p2a: Stratagem|Giga Drain|p1a: Politoed","|-crit|p1a: Politoed","|-supereffective|p1a: Politoed","|-damage|p1a: Politoed|0 fnt","|-damage|p2a: Stratagem|230/255|[from] item: Life Orb","|faint|p1a: Politoed","|","|-weather|RainDance|[upkeep]","|callback|decision","|","|switch|p1a: Klang|Klang, L90|254/254","|turn|10","|callback|decision","|","|move|p2a: Stratagem|Earth Power|p1a: Klang","|-supereffective|p1a: Klang","|-damage|p1a: Klang|94/254","|-damage|p2a: Stratagem|205/255|[from] item: Life Orb","|move|p1a: Klang|Shift Gear|p1a: Klang","|-boost|p1a: Klang|atk|1","|-boost|p1a: Klang|spe|2","|","|-weather|RainDance|[upkeep]","|turn|11","|callback|decision","|","|move|p1a: Klang|Gear Grind|p2a: Stratagem","|-supereffective|p2a: Stratagem","|-damage|p2a: Stratagem|0 fnt","|-hitcount|p2a: Stratagem|1","|-damage|p1a: Klang|69/254|[from] item: Life Orb","|faint|p2a: Stratagem","|","|-weather|RainDance|[upkeep]","|callback|decision","|","|switch|p2a: Slowbro|Slowbro, L78, F|276/276","|turn|12","|callback|decision","|","|move|p1a: Klang|Wild Charge|p2a: Slowbro","|-supereffective|p2a: Slowbro","|-damage|p2a: Slowbro|54/276","|-damage|p1a: Klang|13/254|[from] recoil|[of] p2a: Slowbro","|-damage|p1a: Klang|0 fnt|[from] item: Life Orb","|faint|p1a: Klang","|move|p2a: Slowbro|Surf|p1: Klang|[notarget]","|-notarget","|","|-weather|RainDance|[upkeep]","|-heal|p2a: Slowbro|71/276|[from] item: Leftovers","|callback|decision","|","|switch|p1a: Surskit|Surskit, L95, F|230/230","|turn|13","|callback|decision","|chat|Nyatu Serious|if i had slack off...","|","|move|p1a: Surskit|Giga Drain|p2a: Slowbro","|-supereffective|p2a: Slowbro","|-damage|p2a: Slowbro|0 fnt","|faint|p2a: Slowbro","|","|-weather|RainDance|[upkeep]","|callback|decision","|chat|Nyatu Serious|so many rain abusing pokes -_-","|chat|SteelgrassifyTest|I got a 100% rain team xP","|","|switch|p2a: Deino|Deino, L95, M|253/253","|turn|14","|callback|decision","|chat|Nyatu Serious|im starting to see the \"balanced\" changes they made to randbats =_=","|","|switch|p1a: Bronzong|Bronzong, L78|233/233","|move|p2a: Deino|Crunch|p1a: Bronzong|[miss]","|-miss|p2a: Deino|p1a: Bronzong","|","|-weather|RainDance|[upkeep]","|turn|15","|callback|decision","|chat|SteelgrassifyTest|ik lol","|","|move|p2a: Deino|Crunch|p1a: Bronzong","|-crit|p1a: Bronzong","|-damage|p1a: Bronzong|0 fnt","|-damage|p2a: Deino|228/253|[from] item: Life Orb","|faint|p1a: Bronzong","|","|-weather|RainDance|[upkeep]","|callback|decision","|","|switch|p1a: Surskit|Surskit, L95, F|230/230","|turn|16","|callback|decision","|","|move|p1a: Surskit|Signal Beam|p2a: Deino","|-supereffective|p2a: Deino","|-damage|p2a: Deino|0 fnt","|faint|p2a: Deino","|","|-weather|RainDance|[upkeep]","|callback|decision","|","|switch|p2a: Landorus-Therian|Landorus-Therian, L74, M|254/254","|-ability|p2a: Landorus-Therian|Intimidate|[of] p1a: Surskit","|-unboost|p1a: Surskit|atk|1","|turn|17","|callback|decision","|","|switch|p1a: Zorua|Zorua, L95, M|230/230","|move|p2a: Landorus-Therian|Stone Edge|p1a: Zorua","|-crit|p1a: Zorua","|-damage|p1a: Zorua|0 fnt","|faint|p1a: Zorua","|","|-weather|RainDance|[upkeep]","|callback|decision","|","|switch|p1a: Gyarados|Gyarados, L74, F|263/263","|turn|18","|callback|decision","|","|move|p1a: Gyarados|Ice Fang|p2a: Landorus-Therian","|-supereffective|p2a: Landorus-Therian","|-damage|p2a: Landorus-Therian|50/254","|move|p2a: Landorus-Therian|Stone Edge|p1a: Gyarados","|-supereffective|p1a: Gyarados","|-damage|p1a: Gyarados|83/263","|","|-weather|RainDance|[upkeep]","|-heal|p2a: Landorus-Therian|65/254|[from] item: Leftovers","|turn|19","|callback|decision","|","|switch|p2a: Cyndaquil|Cyndaquil, L95, M|228/228","|-item|p2a: Cyndaquil|Air Balloon","|move|p1a: Gyarados|Ice Fang|p2a: Cyndaquil","|-resisted|p2a: Cyndaquil","|-damage|p2a: Cyndaquil|194/228","|-enditem|p2a: Cyndaquil|Air Balloon","|","|-weather|RainDance|[upkeep]","|turn|20","|callback|decision","|","|move|p1a: Gyarados|Ice Fang|p2a: Cyndaquil","|-resisted|p2a: Cyndaquil","|-damage|p2a: Cyndaquil|164/228","|move|p2a: Cyndaquil|Hidden Power|p1a: Gyarados","|-damage|p1a: Gyarados|40/263","|","|-weather|RainDance|[upkeep]","|turn|21","|callback|decision","|","|move|p1a: Gyarados|Ice Fang|p2a: Cyndaquil","|-resisted|p2a: Cyndaquil","|-damage|p2a: Cyndaquil|131/228","|move|p2a: Cyndaquil|Hidden Power|p1a: Gyarados","|-damage|p1a: Gyarados|0 fnt","|faint|p1a: Gyarados","|","|-weather|RainDance|[upkeep]","|callback|decision","|","|switch|p1a: Surskit|Surskit, L95, F|230/230","|turn|22","|callback|decision","|","|move|p2a: Cyndaquil|Hidden Power|p1a: Surskit","|-damage|p1a: Surskit|169/230","|move|p1a: Surskit|Hydro Pump|p2a: Cyndaquil","|-supereffective|p2a: Cyndaquil","|-damage|p2a: Cyndaquil|0 fnt","|faint|p2a: Cyndaquil","|","|-weather|RainDance|[upkeep]","|-heal|p1a: Surskit|183/230|[from] ability: Rain Dish","|callback|decision","|","|switch|p2a: Landorus-Therian|Landorus-Therian, L74, M|65/254","|-ability|p2a: Landorus-Therian|Intimidate|[of] p1a: Surskit","|-unboost|p1a: Surskit|atk|1","|turn|23","|callback|decision","|","|move|p2a: Landorus-Therian|Stone Edge|p1a: Surskit","|-supereffective|p1a: Surskit","|-damage|p1a: Surskit|0 fnt","|faint|p1a: Surskit","|","|win|Nyatu Serious"],"p1rating":{"entryid":"889207","serverid":"tervari","formatid":"randombattle","userid":"steelgrassifytest","username":"SteelgrassifyTest","w":"4","l":2,"t":"0","gxe":61.9,"r":"1835.0581825396","rd":"208.56032204046","sigma":"0.060002021709778","rptime":"1372723200","rpr":1634.9340777265,"rprd":184.51024875003,"rpsigma":0.060016729355769,"acre":1375.1597664318,"lacre":-3624.8402335682,"oldacre":1457.0305856013,"oldrdacre":1363.2943180843},"p2rating":{"entryid":969629,"formatid":"randombattle","userid":"nyatuserious","username":"Nyatu Serious","r":1500,"rd":350,"sigma":0.06,"rpr":1793.4789873692,"rprd":281.48882957035,"rpsigma":0.060002607470629,"gxe":72.5,"rptime":1372723200,"w":1,"l":0,"t":0,"acre":1397.1673063966,"lacre":-3602.8326936034,"oldacre":1007.0121159332,"oldrdacre":1300.4911033024},"endType":"normal"}