{"turns":34,"p1":"CTB Bugs","p2":"Zyphirex","p1team":[{"name":"Shinx","moves":["firefang","icefang","wildcharge","crunch"],"ability":"Intimidate","evs":{"hp":85,"atk":85,"def":85,"spa":85,"spd":85,"spe":85},"ivs":{"hp":31,"atk":31,"def":31,"spa":31,"spd":31,"spe":31},"item":"Choice Band","level":95,"shiny":false},{"name":"Porygon","moves":["thunderwave","trick","recover","icebeam"],"ability":"Download","evs":{"hp":85,"atk":85,"def":85,"spa":85,"spd":85,"spe":85},"ivs":{"hp":31,"atk":31,"def":31,"spa":31,"spd":31,"spe":31},"item":"Choice Scarf","level":95,"shiny":false},{"name":"Giratina","moves":["dragonpulse","willowisp","shadowball","rest"],"ability":"Pressure","evs":{"hp":85,"atk":85,"def":85,"spa":85,"spd":85,"spe":85},"ivs":{"hp":31,"atk":31,"def":31,"spa":31,"spd":31,"spe":31},"item":"Chesto Berry","level":70,"shiny":false},{"name":"Victreebel","moves":["suckerpunch","sunnyday","swordsdance","powerwhip"],"ability":"Chlorophyll","evs":{"hp":85,"atk":85,"def":85,"spa":85,"spd":85,"spe":85},"ivs":{"hp":31,"atk":31,"def":31,"spa":31,"spd":31,"spe":31},"item":"Heat Rock","level":86,"shiny":false},{"name":"Deoxys","moves":["psychoboost","firepunch","thunderbolt","superpower"],"ability":"Pressure","evs":{"hp":85,"atk":85,"def":85,"spa":85,"spd":85,"spe":85},"ivs":{"hp":31,"atk":31,"def":31,"spa":31,"spd":31,"spe":31},"item":"Expert Belt","level":70,"shiny":false},{"name":"Ninetales","moves":["solarbeam","toxic","flamethrower","painsplit"],"ability":"Drought","evs":{"hp":85,"atk":85,"def":85,"spa":85,"spd":85,"spe":85},"ivs":{"hp":31,"atk":31,"def":31,"spa":31,"spd":31,"spe":31},"item":"Air Balloon","level":78,"shiny":false}],"p2team":[{"name":"Cascoon","moves":["electroweb","bugbite","poisonsting","tackle"],"ability":"Shed Skin","evs":{"hp":85,"atk":85,"def":85,"spa":85,"spd":85,"spe":85},"ivs":{"hp":31,"atk":31,"def":31,"spa":31,"spd":31,"spe":31},"item":"Expert Belt","level":99,"shiny":false},{"name":"Rotom-Fan","moves":["substitute","discharge","hiddenpowerfighting","confuseray"],"ability":"Levitate","evs":{"hp":85,"atk":85,"def":85,"spa":85,"spd":85,"spe":85},"ivs":{"hp":31,"atk":31,"def":30,"spa":30,"spd":30,"spe":30},"item":"Air Balloon","level":86,"shiny":false},{"name":"Vanilluxe","moves":["hiddenpowerelectric","icebeam","autotomize","explosion"],"ability":"Ice Body","evs":{"hp":85,"atk":85,"def":85,"spa":85,"spd":85,"spe":85},"ivs":{"hp":31,"atk":31,"def":31,"spa":30,"spd":31,"spe":31},"item":"Life Orb","level":86,"shiny":false},{"name":"Yanma","moves":["gigadrain","protect","bugbuzz","uturn"],"ability":"Speed Boost","evs":{"hp":85,"atk":85,"def":85,"spa":85,"spd":85,"spe":85},"ivs":{"hp":31,"atk":31,"def":31,"spa":31,"spd":31,"spe":31},"item":"Leftovers","level":90,"shiny":false},{"name":"Rotom-Heat","moves":["voltswitch","rest","hiddenpowerice","overheat"],"ability":"Levitate","evs":{"hp":85,"atk":85,"def":85,"spa":85,"spd":85,"spe":85},"ivs":{"hp":31,"atk":30,"def":30,"spa":31,"spd":31,"spe":31},"item":"Chesto Berry","level":78,"shiny":false},{"name":"Lunatone","moves":["calmmind","hiddenpowerrock","psychic","earthpower"],"ability":"Levitate","evs":{"hp":85,"atk":85,"def":85,"spa":85,"spd":85,"spe":85},"ivs":{"hp":31,"atk":31,"def":30,"spa":31,"spd":30,"spe":30},"item":"Life Orb","level":86,"shiny":false}],"log":["|player|p1|CTB Bugs|34","|player|p2|Zyphirex|290","|gametype|singles","|tier|Random Battle","|rated","|rule|Sleep Clause Mod: Limit one foe put to sleep","|rule|HP Percentage Mod: HP is reported as percentages","|","|start","|switch|p1a: Shinx|Shinx, L95, M|239/239","|switch|p2a: Cascoon|Cascoon, L99, M|259/259","|-ability|p1a: Shinx|Intimidate|[of] p2a: Cascoon","|-unboost|p2a: Cascoon|atk|1","|turn|1","|callback|decision","|chat|CTB Bugs|Hi","|","|switch|p2a: Rotom-Fan|Rotom-Fan, L86|226/226","|-item|p2a: Rotom-Fan|Air Balloon","|move|p1a: Shinx|Fire Fang|p2a: Rotom-Fan","|-damage|p2a: Rotom-Fan|168/226","|-enditem|p2a: Rotom-Fan|Air Balloon","|","|turn|2","|callback|decision","|chat|Zyphirex|hi","|chat|Zyphirex|oh no","|chat|Zyphirex|my air balloon","|chat|Zyphirex|:P","|chat|CTB Bugs|i wish someoene could start a tournament that would be fun;)","|","|move|p2a: Rotom-Fan|Substitute|p2a: Rotom-Fan","|-start|p2a: Rotom-Fan|Substitute","|-damage|p2a: Rotom-Fan|112/226","|move|p1a: Shinx|Fire Fang|p2a: Rotom-Fan","|-activate|p2a: Rotom-Fan|Substitute|[damage]","|","|turn|3","|callback|decision","|chat|Zyphirex|no one here is capable of that","|chat|Zyphirex|unfortunately","|chat|Zyphirex|no auth are on","|","|move|p2a: Rotom-Fan|Confuse Ray|p1a: Shinx","|-start|p1a: Shinx|confusion","|-activate|p1a: Shinx|confusion","|-damage|p1a: Shinx|169/239","|","|turn|4","|callback|decision","|chat|CTB Bugs|what about the guy on top","|chat|Zyphirex|he just afks","|","|switch|p1a: Victreebel|Victreebel, L86, F|278/278","|move|p2a: Rotom-Fan|Hidden Power|p1a: Victreebel","|-resisted|p1a: Victreebel","|-damage|p1a: Victreebel|242/278","|","|turn|5","|callback|decision","|chat|CTB Bugs|oh","|","|move|p2a: Rotom-Fan|Confuse Ray|p1a: Victreebel","|-start|p1a: Victreebel|confusion","|-activate|p1a: Victreebel|confusion","|move|p1a: Victreebel|Sunny Day|p1a: Victreebel","|-weather|SunnyDay","|","|-weather|SunnyDay|[upkeep]","|turn|6","|callback|decision","|","|-activate|p1a: Victreebel|confusion","|-damage|p1a: Victreebel|206/278","|move|p2a: Rotom-Fan|Discharge|p1a: Victreebel","|-resisted|p1a: Victreebel","|-damage|p1a: Victreebel|148/278","|","|-weather|SunnyDay|[upkeep]","|turn|7","|callback|decision","|chat|CTB Bugs|can i edit the site for the leaders?","|chat|Zyphirex|?","|","|-end|p1a: Victreebel|confusion","|move|p1a: Victreebel|Power Whip|p2a: Rotom-Fan","|-resisted|p2a: Rotom-Fan","|-end|p2a: Rotom-Fan|Substitute","|move|p2a: Rotom-Fan|Discharge|p1a: Victreebel","|-resisted|p1a: Victreebel","|-damage|p1a: Victreebel|83/278","|","|-weather|SunnyDay|[upkeep]","|turn|8","|callback|decision","|chat|CTB Bugs|oh its for my site lol","|","|switch|p2a: Cascoon|Cascoon, L99, M|259/259","|move|p1a: Victreebel|Sucker Punch|p2a: Cascoon","|-fail|p2a: Cascoon","|","|-weather|SunnyDay|[upkeep]","|turn|9","|callback|decision","|","|move|p1a: Victreebel|Sucker Punch|p2a: Cascoon","|-damage|p2a: Cascoon|182/259","|move|p2a: Cascoon|Bug Bite|p1a: Victreebel","|-damage|p1a: Victreebel|32/278","|","|-weather|SunnyDay|[upkeep]","|turn|10","|callback|decision","|","|switch|p1a: Ninetales|Ninetales, L78, F|242/242","|-item|p1a: Ninetales|Air Balloon","|move|p2a: Cascoon|Bug Bite|p1a: Ninetales","|-resisted|p1a: Ninetales","|-damage|p1a: Ninetales|216/242","|-enditem|p1a: Ninetales|Air Balloon","|","|-weather|SunnyDay|[upkeep]","|turn|11","|callback|decision","|","|move|p1a: Ninetales|Flamethrower|p2a: Cascoon","|-supereffective|p2a: Cascoon","|-damage|p2a: Cascoon|0 fnt","|faint|p2a: Cascoon","|","|-weather|SunnyDay|[upkeep]","|callback|decision","|","|switch|p2a: Lunatone|Lunatone, L86|261/261","|turn|12","|callback|decision","|","|move|p1a: Ninetales|SolarBeam|p2a: Lunatone|[still]","|-prepare|p1a: Ninetales|SolarBeam|p2a: Lunatone","|-anim|p1a: Ninetales|SolarBeam|p2a: Lunatone","|-supereffective|p2a: Lunatone","|-damage|p2a: Lunatone|137/261","|move|p2a: Lunatone|Hidden Power|p1a: Ninetales","|-supereffective|p1a: Ninetales","|-damage|p1a: Ninetales|30/242","|-damage|p2a: Lunatone|111/261|[from] item: Life Orb","|","|-weather|SunnyDay|[upkeep]","|turn|13","|callback|decision","|","|move|p1a: Ninetales|SolarBeam|p2a: Lunatone|[still]","|-prepare|p1a: Ninetales|SolarBeam|p2a: Lunatone","|-anim|p1a: Ninetales|SolarBeam|p2a: Lunatone","|-supereffective|p2a: Lunatone","|-damage|p2a: Lunatone|0 fnt","|faint|p2a: Lunatone","|","|-weather|SunnyDay|[upkeep]","|callback|decision","|","|switch|p2a: Yanma|Yanma, L90, M|263/263","|turn|14","|callback|decision","|","|move|p2a: Yanma|Protect|p2a: Yanma","|-singleturn|p2a: Yanma|Protect","|move|p1a: Ninetales|Flamethrower|p2a: Yanma","|-activate|p2a: Yanma|Protect","|","|-weather|SunnyDay|[upkeep]","|-boost|p2a: Yanma|spe|1|[from] ability: Speed Boost","|turn|15","|callback|decision","|","|move|p2a: Yanma|Bug Buzz|p1a: Ninetales","|-resisted|p1a: Ninetales","|-damage|p1a: Ninetales|0 fnt","|faint|p1a: Ninetales","|","|-weather|SunnyDay|[upkeep]","|-boost|p2a: Yanma|spe|1|[from] ability: Speed Boost","|callback|decision","|","|switch|p1a: Porygon|Porygon, L95|277/277","|-boost|p1a: Porygon|spa|1|[from] ability: Download","|turn|16","|callback|decision","|","|move|p2a: Yanma|Protect|p2a: Yanma","|-singleturn|p2a: Yanma|Protect","|move|p1a: Porygon|Ice Beam|p2a: Yanma","|-activate|p2a: Yanma|Protect","|","|-weather|SunnyDay|[upkeep]","|-boost|p2a: Yanma|spe|1|[from] ability: Speed Boost","|turn|17","|callback|decision","|","|move|p2a: Yanma|U-turn|p1a: Porygon","|-damage|p1a: Porygon|205/277","|callback|decision","|","|switch|p2a: Rotom-Heat|Rotom-Heat, L78|206/206","|move|p1a: Porygon|Ice Beam|p2a: Rotom-Heat","|-resisted|p2a: Rotom-Heat","|-damage|p2a: Rotom-Heat|154/206","|","|-weather|SunnyDay|[upkeep]","|turn|18","|callback|decision","|","|move|p1a: Porygon|Ice Beam|p2a: Rotom-Heat","|-resisted|p2a: Rotom-Heat","|-damage|p2a: Rotom-Heat|103/206","|move|p2a: Rotom-Heat|Overheat|p1a: Porygon","|-damage|p1a: Porygon|4/277","|-unboost|p2a: Rotom-Heat|spa|2","|","|-weather|SunnyDay|[upkeep]","|turn|19","|callback|decision","|","|move|p1a: Porygon|Ice Beam|p2a: Rotom-Heat","|-resisted|p2a: Rotom-Heat","|-damage|p2a: Rotom-Heat|51/206","|move|p2a: Rotom-Heat|Volt Switch|p1a: Porygon","|-damage|p1a: Porygon|0 fnt","|faint|p1a: Porygon","|callback|decision","|","|switch|p2a: Yanma|Yanma, L90, M|263/263","|","|-weather|SunnyDay|[upkeep]","|callback|decision","|","|switch|p1a: Shinx|Shinx, L95, M|169/239","|-ability|p1a: Shinx|Intimidate|[of] p2a: Yanma","|-unboost|p2a: Yanma|atk|1","|turn|20","|callback|decision","|","|move|p2a: Yanma|Protect|p2a: Yanma","|-singleturn|p2a: Yanma|Protect","|move|p1a: Shinx|Wild Charge|p2a: Yanma","|-activate|p2a: Yanma|Protect","|","|-weather|SunnyDay|[upkeep]","|-boost|p2a: Yanma|spe|1|[from] ability: Speed Boost","|turn|21","|callback|decision","|","|move|p2a: Yanma|U-turn|p1a: Shinx","|-damage|p1a: Shinx|103/239","|callback|decision","|","|switch|p2a: Rotom-Fan|Rotom-Fan, L86|112/226","|move|p1a: Shinx|Wild Charge|p2a: Rotom-Fan","|-damage|p2a: Rotom-Fan|3/226","|-damage|p1a: Shinx|76/239|[from] recoil|[of] p2a: Rotom-Fan","|","|-weather|SunnyDay|[upkeep]","|turn|22","|callback|decision","|","|move|p2a: Rotom-Fan|Hidden Power|p1a: Shinx","|-damage|p1a: Shinx|0 fnt","|faint|p1a: Shinx","|","|-weather|SunnyDay|[upkeep]","|callback|decision","|","|switch|p1a: Victreebel|Victreebel, L86, F|32/278","|turn|23","|callback|decision","|","|move|p1a: Victreebel|Power Whip|p2a: Rotom-Fan","|-resisted|p2a: Rotom-Fan","|-damage|p2a: Rotom-Fan|0 fnt","|faint|p2a: Rotom-Fan","|","|-weather|SunnyDay|[upkeep]","|callback|decision","|","|switch|p2a: Yanma|Yanma, L90, M|263/263","|turn|24","|callback|decision","|","|move|p2a: Yanma|Protect|p2a: Yanma","|-singleturn|p2a: Yanma|Protect","|move|p1a: Victreebel|Sucker Punch|p2a: Yanma","|-activate|p2a: Yanma|Protect","|","|-weather|SunnyDay|[upkeep]","|-boost|p2a: Yanma|spe|1|[from] ability: Speed Boost","|turn|25","|callback|decision","|","|move|p1a: Victreebel|Sucker Punch|p2a: Yanma","|-crit|p2a: Yanma","|-damage|p2a: Yanma|86/263","|move|p2a: Yanma|Bug Buzz|p1a: Victreebel","|-damage|p1a: Victreebel|0 fnt","|faint|p1a: Victreebel","|","|-weather|SunnyDay|[upkeep]","|-heal|p2a: Yanma|102/263|[from] item: Leftovers","|-boost|p2a: Yanma|spe|1|[from] ability: Speed Boost","|callback|decision","|","|switch|p1a: Deoxys|Deoxys, L70|186/186","|-ability|p1a: Deoxys|Pressure","|turn|26","|callback|decision","|","|move|p2a: Yanma|Protect|p2a: Yanma","|-singleturn|p2a: Yanma|Protect","|move|p1a: Deoxys|Fire Punch|p2a: Yanma","|-activate|p2a: Yanma|Protect","|","|-weather|SunnyDay|[upkeep]","|-heal|p2a: Yanma|118/263|[from] item: Leftovers","|-boost|p2a: Yanma|spe|1|[from] ability: Speed Boost","|turn|27","|callback|decision","|","|move|p2a: Yanma|Bug Buzz|p1a: Deoxys","|-supereffective|p1a: Deoxys","|-damage|p1a: Deoxys|0 fnt","|faint|p1a: Deoxys","|","|-weather|SunnyDay|[upkeep]","|-heal|p2a: Yanma|134/263|[from] item: Leftovers","|-boost|p2a: Yanma|spe|1|[from] ability: Speed Boost","|callback|decision","|","|switch|p1a: Giratina|Giratina, L70|326/326","|-ability|p1a: Giratina|Pressure","|turn|28","|callback|decision","|","|move|p2a: Yanma|Protect|p2a: Yanma","|-singleturn|p2a: Yanma|Protect","|move|p1a: Giratina|Dragon Pulse|p2a: Yanma","|-activate|p2a: Yanma|Protect","|","|-weather|SunnyDay|[upkeep]","|-heal|p2a: Yanma|150/263|[from] item: Leftovers","|-boost|p2a: Yanma|spe|1|[from] ability: Speed Boost","|turn|29","|callback|decision","|","|move|p2a: Yanma|Bug Buzz|p1a: Giratina","|-resisted|p1a: Giratina","|-damage|p1a: Giratina|281/326","|move|p1a: Giratina|Dragon Pulse|p2a: Yanma","|-damage|p2a: Yanma|51/263","|","|-weather|SunnyDay|[upkeep]","|-heal|p2a: Yanma|67/263|[from] item: Leftovers","|-boost|p2a: Yanma|spe|1|[from] ability: Speed Boost","|turn|30","|callback|decision","|","|move|p2a: Yanma|Protect|p2a: Yanma","|-singleturn|p2a: Yanma|Protect","|move|p1a: Giratina|Will-O-Wisp|p2a: Yanma","|-activate|p2a: Yanma|Protect","|","|-weather|SunnyDay|[upkeep]","|-heal|p2a: Yanma|83/263|[from] item: Leftovers","|turn|31","|callback|decision","|","|move|p2a: Yanma|Bug Buzz|p1a: Giratina","|-resisted|p1a: Giratina","|-damage|p1a: Giratina|238/326","|move|p1a: Giratina|Dragon Pulse|p2a: Yanma","|-damage|p2a: Yanma|0 fnt","|faint|p2a: Yanma","|","|-weather|SunnyDay|[upkeep]","|callback|decision","|","|switch|p2a: Rotom-Heat|Rotom-Heat, L78|51/206","|turn|32","|callback|decision","|","|move|p2a: Rotom-Heat|Rest|p2a: Rotom-Heat","|-status|p2a: Rotom-Heat|slp","|-heal|p2a: Rotom-Heat|206/206 slp|[silent]","|-status|p2a: Rotom-Heat|slp|[from] move: Rest","|-enditem|p2a: Rotom-Heat|Chesto Berry|[eat]","|-curestatus|p2a: Rotom-Heat|slp","|move|p1a: Giratina|Shadow Ball|p2a: Rotom-Heat","|-damage|p2a: Rotom-Heat|145/206","|-unboost|p2a: Rotom-Heat|spd|1","|","|-weather|SunnyDay|[upkeep]","|turn|33","|callback|decision","|","|move|p2a: Rotom-Heat|Hidden Power|p1a: Giratina","|-supereffective|p1a: Giratina","|-damage|p1a: Giratina|148/326","|move|p1a: Giratina|Shadow Ball|p2a: Rotom-Heat","|-crit|p2a: Rotom-Heat","|-damage|p2a: Rotom-Heat|0 fnt","|faint|p2a: Rotom-Heat","|","|-weather|SunnyDay|[upkeep]","|callback|decision","|","|switch|p2a: Vanilluxe|Vanilluxe, L86, F|262/262","|turn|34","|callback|decision","|","|move|p2a: Vanilluxe|Ice Beam|p1a: Giratina","|-supereffective|p1a: Giratina","|-damage|p1a: Giratina|0 fnt","|-damage|p2a: Vanilluxe|236/262|[from] item: Life Orb","|faint|p1a: Giratina","|","|win|Zyphirex"],"p1rating":{"entryid":1101811,"formatid":"randombattle","userid":"ctbbugs","username":"CTB Bugs","r":1500,"rd":350,"sigma":0.06,"rpr":1341.7695479995,"rprd":275.30158500863,"rpsigma":0.059998671955762,"gxe":37.1,"rptime":1373500800,"w":0,"l":1,"t":0,"acre":954.16896684776,"lacre":-4045.8310331522,"oldacre":1007.0121159332,"oldrdacre":848.78166393266},"p2rating":{"entryid":"1082926","serverid":"tervari","formatid":"randombattle","userid":"zyphirex","username":"Zyphirex","w":2,"l":"1","t":"0","gxe":60.6,"r":"1500","rd":"350","sigma":"0.06","rptime":"1373500800","rpr":1624.5734322011,"rprd":226.14751385501,"rpsigma":0.059996589005925,"acre":1306.1774890994,"lacre":-3693.8225109006,"oldacre":1178.4923454292,"oldrdacre":1270.8742345583},"endType":"normal"}