{"turns":23,"p1":"yoshi001","p2":"Zyphirex","p1team":[{"name":"Mamoswine","moves":["earthquake","stealthrock","endeavor","iciclecrash"],"ability":"Thick Fat","evs":{"hp":85,"atk":85,"def":85,"spa":85,"spd":85,"spe":85},"ivs":{"hp":31,"atk":31,"def":31,"spa":31,"spd":31,"spe":31},"item":"Focus Sash","level":74,"shiny":false},{"name":"Trapinch","moves":["quickattack","earthquake","superpower","rockslide"],"ability":"Arena Trap","evs":{"hp":85,"atk":85,"def":85,"spa":85,"spd":85,"spe":85},"ivs":{"hp":31,"atk":31,"def":31,"spa":31,"spd":31,"spe":31},"item":"Expert Belt","level":95,"shiny":false},{"name":"Rayquaza","moves":["outrage","dragondance","dracometeor","vcreate"],"ability":"Air Lock","evs":{"hp":85,"atk":85,"def":85,"spa":85,"spd":85,"spe":85},"ivs":{"hp":31,"atk":31,"def":31,"spa":31,"spd":31,"spe":31},"item":"Leftovers","level":70,"shiny":false},{"name":"Simisear","moves":["substitute","grassknot","overheat","focusblast"],"ability":"Blaze","evs":{"hp":85,"atk":85,"def":85,"spa":85,"spd":85,"spe":85},"ivs":{"hp":31,"atk":31,"def":31,"spa":31,"spd":31,"spe":31},"item":"Leftovers","level":86,"shiny":false},{"name":"Bastiodon","moves":["fireblast","protect","roar","metalburst"],"ability":"Sturdy","evs":{"hp":85,"atk":85,"def":85,"spa":85,"spd":85,"spe":85},"ivs":{"hp":31,"atk":31,"def":31,"spa":31,"spd":31,"spe":31},"item":"Air Balloon","level":86,"shiny":false},{"name":"Slowking","moves":["psychic","scald","calmmind","thunderwave"],"ability":"Regenerator","evs":{"hp":85,"atk":85,"def":85,"spa":85,"spd":85,"spe":85},"ivs":{"hp":31,"atk":31,"def":31,"spa":31,"spd":31,"spe":31},"item":"Leftovers","level":82,"shiny":false}],"p2team":[{"name":"Simisage","moves":["leechseed","leafstorm","hiddenpowerice","synthesis"],"ability":"Overgrow","evs":{"hp":85,"atk":85,"def":85,"spa":85,"spd":85,"spe":85},"ivs":{"hp":31,"atk":30,"def":30,"spa":31,"spd":31,"spe":31},"item":"Focus Sash","level":86,"shiny":false},{"name":"Slaking","moves":["pursuit","firepunch","suckerpunch","retaliate"],"ability":"Truant","evs":{"hp":85,"atk":85,"def":85,"spa":85,"spd":85,"spe":85},"ivs":{"hp":31,"atk":31,"def":31,"spa":31,"spd":31,"spe":31},"item":"Leftovers","level":86,"shiny":false},{"name":"Tyranitar","moves":["superpower","fireblast","pursuit","aquatail"],"ability":"Sand Stream","evs":{"hp":85,"atk":85,"def":85,"spa":85,"spd":85,"spe":85},"ivs":{"hp":31,"atk":31,"def":31,"spa":31,"spd":31,"spe":31},"item":"Leftovers","level":74,"shiny":false},{"name":"Heatran","moves":["willowisp","toxic","substitute","stealthrock"],"ability":"Flash Fire","evs":{"hp":85,"atk":85,"def":85,"spa":85,"spd":85,"spe":85},"ivs":{"hp":31,"atk":31,"def":31,"spa":31,"spd":31,"spe":31},"item":"Air Balloon","level":74,"shiny":false},{"name":"Crustle","moves":["earthquake","spikes","stealthrock","xscissor"],"ability":"Sturdy","evs":{"hp":85,"atk":85,"def":85,"spa":85,"spd":85,"spe":85},"ivs":{"hp":31,"atk":31,"def":31,"spa":31,"spd":31,"spe":31},"item":"Leftovers","level":82,"shiny":false},{"name":"Metagross","moves":["bulletpunch","stealthrock","earthquake","meteormash"],"ability":"Clear Body","evs":{"hp":85,"atk":85,"def":85,"spa":85,"spd":85,"spe":85},"ivs":{"hp":31,"atk":31,"def":31,"spa":31,"spd":31,"spe":31},"item":"Leftovers","level":74,"shiny":false}],"log":["|player|p1|yoshi001|266","|player|p2|Zyphirex|290","|gametype|singles","|tier|Random Battle","|rated","|rule|Sleep Clause Mod: Limit one foe put to sleep","|rule|HP Percentage Mod: HP is reported as percentages","|","|start","|switch|p1a: Mamoswine|Mamoswine, L74, F|285/285","|switch|p2a: Simisage|Simisage, L86, M|269/269","|turn|1","|callback|decision","|chat|Zyphirex|ohaider","|","|move|p2a: Simisage|Leaf Storm|p1a: Mamoswine","|-supereffective|p1a: Mamoswine","|-enditem|p1a: Mamoswine|Focus Sash","|-damage|p1a: Mamoswine|1/285","|-unboost|p2a: Simisage|spa|2","|move|p1a: Mamoswine|Stealth Rock|p2a: Simisage","|-sidestart|p2: Zyphirex|move: Stealth Rock","|","|turn|2","|callback|decision","|","|switch|p1a: Simisear|Simisear, L86, F|269/269","|move|p2a: Simisage|Hidden Power|p1a: Simisear","|-resisted|p1a: Simisear","|-damage|p1a: Simisear|254/269","|","|-heal|p1a: Simisear|269/269|[from] item: Leftovers","|turn|3","|callback|decision","|","|switch|p2a: Tyranitar|Tyranitar, L74, M|270/270","|-damage|p2a: Tyranitar|237/270|[from] Stealth Rock","|-weather|Sandstorm|[from] ability: Sand Stream|[of] p2a: Tyranitar","|move|p1a: Simisear|Overheat|p2a: Tyranitar","|-resisted|p2a: Tyranitar","|-damage|p2a: Tyranitar|186/270","|-unboost|p1a: Simisear|spa|2","|","|-weather|Sandstorm|[upkeep]","|-damage|p1a: Simisear|253/269|[from] sandstorm","|-heal|p1a: Simisear|269/269|[from] item: Leftovers","|-heal|p2a: Tyranitar|202/270|[from] item: Leftovers","|turn|4","|callback|decision","|","|move|p2a: Tyranitar|Pursuit|p1a: Simisear|[from]Pursuit","|-damage|p1a: Simisear|157/269","|switch|p1a: Trapinch|Trapinch, L95, F|239/239","|","|-weather|Sandstorm|[upkeep]","|-heal|p2a: Tyranitar|218/270|[from] item: Leftovers","|turn|5","|callback|decision","|","|move|p2a: Tyranitar|Aqua Tail|p1a: Trapinch|[miss]","|-miss|p2a: Tyranitar|p1a: Trapinch","|move|p1a: Trapinch|Superpower|p2a: Tyranitar","|-supereffective|p2a: Tyranitar","|-damage|p2a: Tyranitar|0 fnt","|-unboost|p1a: Trapinch|atk|1","|-unboost|p1a: Trapinch|def|1","|faint|p2a: Tyranitar","|","|-weather|Sandstorm|[upkeep]","|callback|decision","|","|switch|p2a: Simisage|Simisage, L86, M|269/269","|-damage|p2a: Simisage|236/269|[from] Stealth Rock","|turn|6","|callback|decision","|","|move|p2a: Simisage|Hidden Power|p1a: Trapinch","|-supereffective|p1a: Trapinch","|-damage|p1a: Trapinch|99/239","|move|p1a: Trapinch|Rock Slide|p2a: Simisage","|-damage|p2a: Simisage|182/269","|","|-weather|Sandstorm|[upkeep]","|-damage|p2a: Simisage|166/269|[from] sandstorm","|turn|7","|callback|decision","|","|switch|p1a: Slowking|Slowking, L82, F|290/290","|move|p2a: Simisage|Hidden Power|p1a: Slowking","|-resisted|p1a: Slowking","|-damage|p1a: Slowking|269/290","|","|-weather|Sandstorm|[upkeep]","|-damage|p2a: Simisage|150/269|[from] sandstorm","|-damage|p1a: Slowking|251/290|[from] sandstorm","|-heal|p1a: Slowking|269/290|[from] item: Leftovers","|turn|8","|callback|decision","|","|switch|p1a: Simisear|Simisear, L86, F|157/269","|move|p2a: Simisage|Leaf Storm|p1a: Simisear","|-resisted|p1a: Simisear","|-damage|p1a: Simisear|63/269","|-unboost|p2a: Simisage|spa|2","|","|-weather|Sandstorm|[upkeep]","|-damage|p2a: Simisage|134/269|[from] sandstorm","|-damage|p1a: Simisear|47/269|[from] sandstorm","|-heal|p1a: Simisear|63/269|[from] item: Leftovers","|turn|9","|callback|decision","|","|switch|p2a: Heatran|Heatran, L74, M|257/257","|-damage|p2a: Heatran|225/257|[from] Stealth Rock","|-item|p2a: Heatran|Air Balloon","|move|p1a: Simisear|Overheat|p2a: Heatran","|-start|p2a: Heatran|ability: Flash Fire","|","|-weather|Sandstorm|[upkeep]","|-damage|p1a: Simisear|47/269|[from] sandstorm","|-heal|p1a: Simisear|63/269|[from] item: Leftovers","|turn|10","|callback|decision","|","|switch|p1a: Bastiodon|Bastiodon, L86, F|243/243","|-item|p1a: Bastiodon|Air Balloon","|move|p2a: Heatran|Substitute|p2a: Heatran","|-start|p2a: Heatran|Substitute","|-damage|p2a: Heatran|161/257","|","|-weather|Sandstorm|[upkeep]","|turn|11","|callback|decision","|","|move|p1a: Bastiodon|Protect|p1a: Bastiodon","|-singleturn|p1a: Bastiodon|Protect","|move|p2a: Heatran|Will-O-Wisp|p1a: Bastiodon","|-activate|p1a: Bastiodon|Protect","|","|-weather|Sandstorm|[upkeep]","|turn|12","|callback|decision","|","|move|p2a: Heatran|Will-O-Wisp|p1a: Bastiodon","|-status|p1a: Bastiodon|brn","|move|p1a: Bastiodon|Roar|p2a: Heatran","|drag|p2a: Metagross|Metagross, L74|240/240","|-damage|p2a: Metagross|225/240|[from] Stealth Rock","|","|-weather|Sandstorm|[upkeep]","|-heal|p2a: Metagross|240/240|[from] item: Leftovers","|-damage|p1a: Bastiodon|213/243 brn|[from] brn","|turn|13","|callback|decision","|","|move|p2a: Metagross|Meteor Mash|p1a: Bastiodon","|-damage|p1a: Bastiodon|149/243 brn","|-enditem|p1a: Bastiodon|Air Balloon","|move|p1a: Bastiodon|Fire Blast|p2a: Metagross","|-crit|p2a: Metagross","|-supereffective|p2a: Metagross","|-damage|p2a: Metagross|12/240","|","|-weather|Sandstorm|[upkeep]","|-heal|p2a: Metagross|27/240|[from] item: Leftovers","|-damage|p1a: Bastiodon|119/243 brn|[from] brn","|turn|14","|callback|decision","|","|move|p1a: Bastiodon|Protect|p1a: Bastiodon","|-singleturn|p1a: Bastiodon|Protect","|move|p2a: Metagross|Earthquake|p1a: Bastiodon","|-activate|p1a: Bastiodon|Protect","|","|-weather|Sandstorm|[upkeep]","|-heal|p2a: Metagross|42/240|[from] item: Leftovers","|-damage|p1a: Bastiodon|89/243 brn|[from] brn","|turn|15","|callback|decision","|","|move|p2a: Metagross|Earthquake|p1a: Bastiodon","|-supereffective|p1a: Bastiodon","|-damage|p1a: Bastiodon|0 fnt","|faint|p1a: Bastiodon","|","|-weather|Sandstorm|[upkeep]","|-heal|p2a: Metagross|57/240|[from] item: Leftovers","|callback|decision","|","|switch|p1a: Rayquaza|Rayquaza, L70|263/263","|-message|The effects of weather disappeared. (placeholder)","|turn|16","|callback|decision","|","|move|p2a: Metagross|Bullet Punch|p1a: Rayquaza","|-damage|p1a: Rayquaza|214/263","|move|p1a: Rayquaza|V-create|p2a: Metagross|[miss]","|-miss|p1a: Rayquaza|p2a: Metagross","|","|-weather|Sandstorm|[upkeep]","|-heal|p1a: Rayquaza|230/263|[from] item: Leftovers","|-heal|p2a: Metagross|72/240|[from] item: Leftovers","|turn|17","|callback|decision","|","|move|p2a: Metagross|Bullet Punch|p1a: Rayquaza","|-damage|p1a: Rayquaza|176/263","|move|p1a: Rayquaza|V-create|p2a: Metagross","|-supereffective|p2a: Metagross","|-damage|p2a: Metagross|0 fnt","|-unboost|p1a: Rayquaza|def|1","|-unboost|p1a: Rayquaza|spd|1","|-unboost|p1a: Rayquaza|spe|1","|faint|p2a: Metagross","|","|-weather|Sandstorm|[upkeep]","|-heal|p1a: Rayquaza|192/263|[from] item: Leftovers","|callback|decision","|","|switch|p2a: Slaking|Slaking, L86, M|398/398","|-damage|p2a: Slaking|349/398|[from] Stealth Rock","|turn|18","|callback|decision","|","|move|p2a: Slaking|Retaliate|p1a: Rayquaza","|-damage|p1a: Rayquaza|0 fnt","|faint|p1a: Rayquaza","|","|-weather|Sandstorm|[upkeep]","|-heal|p2a: Slaking|373/398|[from] item: Leftovers","|callback|decision","|","|switch|p1a: Mamoswine|Mamoswine, L74, F|1/285","|turn|19","|callback|decision","|","|cant|p2a: Slaking|ability: Truant|Fire Punch","|move|p1a: Mamoswine|Endeavor|p2a: Slaking","|-damage|p2a: Slaking|1/398","|","|-weather|Sandstorm|[upkeep]","|-damage|p2a: Slaking|0 fnt|[from] sandstorm","|faint|p2a: Slaking","|callback|decision","|","|switch|p2a: Simisage|Simisage, L86, M|134/269","|-damage|p2a: Simisage|101/269|[from] Stealth Rock","|turn|20","|callback|decision","|","|move|p2a: Simisage|Hidden Power|p1a: Mamoswine","|-damage|p1a: Mamoswine|0 fnt","|faint|p1a: Mamoswine","|","|-weather|Sandstorm|[upkeep]","|-damage|p2a: Simisage|85/269|[from] sandstorm","|callback|decision","|","|switch|p1a: Slowking|Slowking, L82, F|290/290","|turn|21","|callback|decision","|","|move|p2a: Simisage|Leaf Storm|p1a: Slowking","|-supereffective|p1a: Slowking","|-damage|p1a: Slowking|0 fnt","|-unboost|p2a: Simisage|spa|2","|faint|p1a: Slowking","|","|-weather|Sandstorm|[upkeep]","|-damage|p2a: Simisage|69/269|[from] sandstorm","|callback|decision","|","|switch|p1a: Trapinch|Trapinch, L95, F|99/239","|turn|22","|callback|decision","|","|switch|p1a: Simisear|Simisear, L86, F|63/269","|move|p2a: Simisage|Leaf Storm|p1a: Simisear","|-resisted|p1a: Simisear","|-damage|p1a: Simisear|0 fnt","|-unboost|p2a: Simisage|spa|2","|faint|p1a: Simisear","|","|-weather|Sandstorm|[upkeep]","|-damage|p2a: Simisage|53/269|[from] sandstorm","|callback|decision","|","|switch|p1a: Trapinch|Trapinch, L95, F|99/239","|turn|23","|callback|decision","|","|move|p2a: Simisage|Leaf Storm|p1a: Trapinch","|-supereffective|p1a: Trapinch","|-damage|p1a: Trapinch|0 fnt","|-unboost|p2a: Simisage|spa|2","|faint|p1a: Trapinch","|","|win|Zyphirex"],"p1rating":{"entryid":1101663,"formatid":"randombattle","userid":"yoshi001","username":"yoshi001","r":1500,"rd":350,"sigma":0.06,"rpr":1286.9420739235,"rprd":283.80628826305,"rpsigma":0.0600002031175,"gxe":33.1,"rptime":1373500800,"w":0,"l":1,"t":0,"acre":887.36761356639,"lacre":-4112.6323864336,"oldacre":1007.0121159332,"oldrdacre":793.95418985665},"p2rating":{"entryid":"1082926","serverid":"tervari","formatid":"randombattle","userid":"zyphirex","username":"Zyphirex","w":1,"l":"1","t":"0","gxe":52.7,"r":"1500","rd":"350","sigma":"0.06","rptime":"1373500800","rpr":1532.1915430721,"rprd":251.22240384164,"rpsigma":0.059996435862322,"acre":1178.4923454292,"lacre":-3821.5076545708,"oldacre":979.20924768024,"oldrdacre":1128.0493918125},"endType":"normal"}