{"turns":44,"p1":"Meloetta<3V","p2":"Styx88","p1team":[{"name":"Mesprit","moves":["thunderbolt","psychic","substitute","icebeam"],"ability":"Levitate","evs":{"hp":85,"atk":85,"def":85,"spa":85,"spd":85,"spe":85},"ivs":{"hp":31,"atk":31,"def":31,"spa":31,"spd":31,"spe":31},"item":"Leftovers","level":82,"shiny":false},{"name":"Arbok","moves":["rest","aquatail","seedbomb","glare"],"ability":"Shed Skin","evs":{"hp":85,"atk":85,"def":85,"spa":85,"spd":85,"spe":85},"ivs":{"hp":31,"atk":31,"def":31,"spa":31,"spd":31,"spe":31},"item":"Air Balloon","level":86,"shiny":false},{"name":"Petilil","moves":["healingwish","hiddenpowerfire","solarbeam","sunnyday"],"ability":"Chlorophyll","evs":{"hp":85,"atk":85,"def":85,"spa":85,"spd":85,"spe":85},"ivs":{"hp":31,"atk":30,"def":31,"spa":30,"spd":31,"spe":30},"item":"Heat Rock","level":95,"shiny":false},{"name":"Virizion","moves":["hiddenpowerice","stoneedge","calmmind","leafblade"],"ability":"Justified","evs":{"hp":85,"atk":85,"def":85,"spa":85,"spd":85,"spe":85},"ivs":{"hp":31,"atk":30,"def":30,"spa":31,"spd":31,"spe":31},"item":"Leftovers","level":78,"shiny":false},{"name":"Giratina-Origin","moves":["calmmind","willowisp","shadowball","aurasphere"],"ability":"Levitate","evs":{"hp":85,"atk":85,"def":85,"spa":85,"spd":85,"spe":85},"ivs":{"hp":31,"atk":31,"def":31,"spa":31,"spd":31,"spe":31},"item":"Griseous Orb","level":70,"shiny":false},{"name":"Cobalion","moves":["swordsdance","stoneedge","ironhead","closecombat"],"ability":"Justified","evs":{"hp":85,"atk":85,"def":85,"spa":85,"spd":85,"spe":85},"ivs":{"hp":31,"atk":31,"def":31,"spa":31,"spd":31,"spe":31},"item":"Leftovers","level":78,"shiny":false}],"p2team":[{"name":"Mollux","moves":["willowisp","sludgebomb","trick","rapidspin"],"ability":"Dry Skin","evs":{"hp":85,"atk":85,"def":85,"spa":85,"spd":85,"spe":85},"ivs":{"hp":31,"atk":31,"def":31,"spa":31,"spd":31,"spe":31},"item":"Choice Scarf","level":74,"shiny":false},{"name":"Drowzee","moves":["nastyplot","shadowball","thunderwave","psychic"],"ability":"Insomnia","evs":{"hp":85,"atk":85,"def":85,"spa":85,"spd":85,"spe":85},"ivs":{"hp":31,"atk":31,"def":31,"spa":31,"spd":31,"spe":31},"item":"Leftovers","level":95,"shiny":false},{"name":"Wooper","moves":["yawn","toxic","recover","earthquake"],"ability":"Water Absorb","evs":{"hp":85,"atk":85,"def":85,"spa":85,"spd":85,"spe":85},"ivs":{"hp":31,"atk":31,"def":31,"spa":31,"spd":31,"spe":31},"item":"Leftovers","level":95,"shiny":false},{"name":"Bayleef","moves":["toxic","gigadrain","safeguard","reflect"],"ability":"Overgrow","evs":{"hp":85,"atk":85,"def":85,"spa":85,"spd":85,"spe":85},"ivs":{"hp":31,"atk":31,"def":31,"spa":31,"spd":31,"spe":31},"item":"Light Clay","level":90,"shiny":false},{"name":"Roselia","moves":["stunspore","rest","gigadrain","sludgebomb"],"ability":"Natural Cure","evs":{"hp":85,"atk":85,"def":85,"spa":85,"spd":85,"spe":85},"ivs":{"hp":31,"atk":31,"def":31,"spa":31,"spd":31,"spe":31},"item":"Black Sludge","level":90,"shiny":false},{"name":"Pignite","moves":["flamecharge","superpower","headsmash","flareblitz"],"ability":"Thick Fat","evs":{"hp":85,"atk":85,"def":85,"spa":85,"spd":85,"spe":85},"ivs":{"hp":31,"atk":31,"def":31,"spa":31,"spd":31,"spe":31},"item":"Expert Belt","level":90,"shiny":false}],"log":["|player|p1|Meloetta<3V|134","|player|p2|Styx88|284","|gametype|singles","|tier|Random Battle","|rated","|rule|Sleep Clause Mod: Limit one foe put to sleep","|rule|HP Percentage Mod: HP is reported as percentages","|","|start","|switch|p1a: Mesprit|Mesprit, L82|265/265","|switch|p2a: Mollux|Mollux, L74, M|263/263","|turn|1","|callback|decision","|chat|Styx88|hi","|","|switch|p2a: Drowzee|Drowzee, L95, F|268/268","|move|p1a: Mesprit|Psychic|p2a: Drowzee","|-resisted|p2a: Drowzee","|-damage|p2a: Drowzee|226/268","|-unboost|p2a: Drowzee|spd|1","|","|-heal|p2a: Drowzee|242/268|[from] item: Leftovers","|turn|2","|callback|decision","|","|move|p1a: Mesprit|Substitute|p1a: Mesprit","|-start|p1a: Mesprit|Substitute","|-damage|p1a: Mesprit|199/265","|move|p2a: Drowzee|Thunder Wave|p1a: Mesprit","|","|-heal|p1a: Mesprit|215/265|[from] item: Leftovers","|-heal|p2a: Drowzee|258/268|[from] item: Leftovers","|turn|3","|callback|decision","|","|move|p1a: Mesprit|Thunderbolt|p2a: Drowzee","|-damage|p2a: Drowzee|166/268","|move|p2a: Drowzee|Shadow Ball|p1a: Mesprit","|-supereffective|p1a: Mesprit","|-end|p1a: Mesprit|Substitute","|","|-heal|p1a: Mesprit|231/265|[from] item: Leftovers","|-heal|p2a: Drowzee|182/268|[from] item: Leftovers","|turn|4","|callback|decision","|","|move|p1a: Mesprit|Ice Beam|p2a: Drowzee","|-damage|p2a: Drowzee|92/268","|-status|p2a: Drowzee|frz","|-curestatus|p2a: Drowzee|frz","|move|p2a: Drowzee|Shadow Ball|p1a: Mesprit","|-supereffective|p1a: Mesprit","|-damage|p1a: Mesprit|149/265","|","|-heal|p1a: Mesprit|165/265|[from] item: Leftovers","|-heal|p2a: Drowzee|108/268|[from] item: Leftovers","|turn|5","|callback|decision","|","|move|p1a: Mesprit|Ice Beam|p2a: Drowzee","|-damage|p2a: Drowzee|21/268","|move|p2a: Drowzee|Shadow Ball|p1a: Mesprit","|-supereffective|p1a: Mesprit","|-damage|p1a: Mesprit|83/265","|","|-heal|p1a: Mesprit|99/265|[from] item: Leftovers","|-heal|p2a: Drowzee|37/268|[from] item: Leftovers","|turn|6","|callback|decision","|","|move|p1a: Mesprit|Ice Beam|p2a: Drowzee","|-damage|p2a: Drowzee|0 fnt","|faint|p2a: Drowzee","|","|-heal|p1a: Mesprit|115/265|[from] item: Leftovers","|callback|decision","|","|switch|p2a: Mollux|Mollux, L74, M|263/263","|turn|7","|callback|decision","|","|move|p2a: Mollux|Sludge Bomb|p1a: Mesprit","|-damage|p1a: Mesprit|24/265","|-status|p1a: Mesprit|psn","|move|p1a: Mesprit|Psychic|p2a: Mollux","|-supereffective|p2a: Mollux","|-damage|p2a: Mollux|83/263","|","|-heal|p1a: Mesprit|40/265 psn|[from] item: Leftovers","|-damage|p1a: Mesprit|7/265 psn|[from] psn","|turn|8","|callback|decision","|","|move|p2a: Mollux|Sludge Bomb|p1a: Mesprit","|-damage|p1a: Mesprit|0 fnt","|faint|p1a: Mesprit","|","|callback|decision","|","|switch|p1a: Arbok|Arbok, L86, F|243/243","|-item|p1a: Arbok|Air Balloon","|turn|9","|callback|decision","|","|move|p2a: Mollux|Sludge Bomb|p1a: Arbok","|-resisted|p1a: Arbok","|-damage|p1a: Arbok|191/243","|-enditem|p1a: Arbok|Air Balloon","|move|p1a: Arbok|Aqua Tail|p2a: Mollux","|-heal|p2a: Mollux|148/263|[from] ability: Dry Skin|[of] p1a: Arbok","|","|turn|10","|callback|decision","|","|move|p2a: Mollux|Sludge Bomb|p1a: Arbok","|-resisted|p1a: Arbok","|-damage|p1a: Arbok|138/243","|move|p1a: Arbok|Glare|p2a: Mollux","|-status|p2a: Mollux|par","|","|turn|11","|callback|decision","|","|move|p1a: Arbok|Seed Bomb|p2a: Mollux","|-resisted|p2a: Mollux","|-damage|p2a: Mollux|134/263 par","|move|p2a: Mollux|Sludge Bomb|p1a: Arbok","|-resisted|p1a: Arbok","|-damage|p1a: Arbok|89/243","|","|turn|12","|callback|decision","|","|switch|p1a: Cobalion|Cobalion, L78|270/270","|move|p2a: Mollux|Sludge Bomb|p1a: Cobalion","|-immune|p1a: Cobalion|[msg]","|","|turn|13","|callback|decision","|","|switch|p2a: Wooper|Wooper, L95, F|258/258","|move|p1a: Cobalion|Swords Dance|p1a: Cobalion","|-boost|p1a: Cobalion|atk|2","|","|turn|14","|callback|decision","|","|move|p1a: Cobalion|Iron Head|p2a: Wooper","|-resisted|p2a: Wooper","|-damage|p2a: Wooper|164/258","|move|p2a: Wooper|Yawn|p1a: Cobalion","|-start|p1a: Cobalion|move: Yawn|[of] p2a: Wooper","|","|-heal|p2a: Wooper|180/258|[from] item: Leftovers","|turn|15","|callback|decision","|","|switch|p1a: Petilil|Petilil, L95, F|239/239","|move|p2a: Wooper|Earthquake|p1a: Petilil","|-resisted|p1a: Petilil","|-damage|p1a: Petilil|189/239","|","|-heal|p2a: Wooper|196/258|[from] item: Leftovers","|turn|16","|callback|decision","|","|switch|p2a: Mollux|Mollux, L74, M|134/263 par","|move|p1a: Petilil|Sunny Day|p1a: Petilil","|-weather|SunnyDay","|","|-weather|SunnyDay|[upkeep]","|-damage|p2a: Mollux|102/263 par|[from] ability: Dry Skin","|turn|17","|callback|decision","|","|move|p1a: Petilil|SolarBeam|p2a: Mollux|[still]","|-prepare|p1a: Petilil|SolarBeam|p2a: Mollux","|-anim|p1a: Petilil|SolarBeam|p2a: Mollux","|-resisted|p2a: Mollux","|-damage|p2a: Mollux|73/263 par","|cant|p2a: Mollux|par","|","|-weather|SunnyDay|[upkeep]","|-damage|p2a: Mollux|41/263 par|[from] ability: Dry Skin","|turn|18","|callback|decision","|","|move|p1a: Petilil|SolarBeam|p2a: Mollux|[still]","|-prepare|p1a: Petilil|SolarBeam|p2a: Mollux","|-anim|p1a: Petilil|SolarBeam|p2a: Mollux","|-resisted|p2a: Mollux","|-damage|p2a: Mollux|9/263 par","|move|p2a: Mollux|Trick|p1a: Petilil","|-activate|p2a: Mollux|move: Trick|[of] p1a: Petilil","|-item|p1a: Petilil|Choice Scarf|[from] move: Trick","|-item|p2a: Mollux|Heat Rock|[from] move: Trick","|","|-weather|SunnyDay|[upkeep]","|-damage|p2a: Mollux|0 fnt|[from] ability: Dry Skin","|faint|p2a: Mollux","|callback|decision","|","|switch|p2a: Roselia|Roselia, L90, F|236/236","|turn|19","|callback|decision","|","|move|p1a: Petilil|Hidden Power|p2a: Roselia","|-supereffective|p2a: Roselia","|-damage|p2a: Roselia|94/236","|move|p2a: Roselia|Sludge Bomb|p1a: Petilil","|-supereffective|p1a: Petilil","|-damage|p1a: Petilil|0 fnt","|faint|p1a: Petilil","|","|-weather|SunnyDay|[upkeep]","|-heal|p2a: Roselia|108/236|[from] item: Black Sludge","|callback|decision","|","|switch|p1a: Arbok|Arbok, L86, F|89/243","|turn|20","|callback|decision","|","|move|p1a: Arbok|Glare|p2a: Roselia","|-status|p2a: Roselia|par","|move|p2a: Roselia|Stun Spore|p1a: Arbok","|-status|p1a: Arbok|par","|","|-weather|SunnyDay|[upkeep]","|-heal|p2a: Roselia|122/236 par|[from] item: Black Sludge","|turn|21","|callback|decision","|chat|Styx88|lol","|","|move|p1a: Arbok|Rest|p1a: Arbok","|-status|p1a: Arbok|slp","|-heal|p1a: Arbok|243/243 slp|[silent]","|-status|p1a: Arbok|slp|[from] move: Rest","|cant|p2a: Roselia|par","|","|-weather|SunnyDay|[upkeep]","|-heal|p2a: Roselia|136/236 par|[from] item: Black Sludge","|turn|22","|callback|decision","|","|cant|p1a: Arbok|slp","|cant|p2a: Roselia|par","|","|-weather|SunnyDay|[upkeep]","|-activate|p1a: Arbok|ability: Shed Skin","|-curestatus|p1a: Arbok|slp","|-heal|p2a: Roselia|150/236 par|[from] item: Black Sludge","|turn|23","|callback|decision","|","|move|p1a: Arbok|Aqua Tail|p2a: Roselia","|-resisted|p2a: Roselia","|-damage|p2a: Roselia|129/236 par","|cant|p2a: Roselia|par","|","|-weather|none","|-heal|p2a: Roselia|143/236 par|[from] item: Black Sludge","|turn|24","|callback|decision","|chat|Styx88|omg hax lol","|","|move|p1a: Arbok|Seed Bomb|p2a: Roselia","|-resisted|p2a: Roselia","|-damage|p2a: Roselia|123/236 par","|cant|p2a: Roselia|par","|","|-heal|p2a: Roselia|137/236 par|[from] item: Black Sludge","|turn|25","|callback|decision","|chat|Styx88|WTF!","|chat|Meloetta<3V|oh wow","|chat|Meloetta<3V|4 times in a row","|","|move|p1a: Arbok|Seed Bomb|p2a: Roselia","|-resisted|p2a: Roselia","|-damage|p2a: Roselia|119/236 par","|move|p2a: Roselia|Rest|p2a: Roselia","|-status|p2a: Roselia|slp","|-heal|p2a: Roselia|236/236 slp|[silent]","|-status|p2a: Roselia|slp|[from] move: Rest","|","|turn|26","|callback|decision","|chat|Styx88|lol","|","|switch|p2a: Pignite|Pignite, L90, M|308/308","|move|p1a: Arbok|Glare|p2a: Pignite","|-status|p2a: Pignite|par","|","|turn|27","|callback|decision","|","|move|p1a: Arbok|Aqua Tail|p2a: Pignite","|-supereffective|p2a: Pignite","|-damage|p2a: Pignite|144/308 par","|move|p2a: Pignite|Flame Charge|p1a: Arbok","|-damage|p1a: Arbok|170/243","|-boost|p2a: Pignite|spe|1","|","|turn|28","|callback|decision","|","|move|p1a: Arbok|Aqua Tail|p2a: Pignite","|-supereffective|p2a: Pignite","|-damage|p2a: Pignite|0 fnt","|faint|p2a: Pignite","|","|callback|decision","|","|switch|p2a: Bayleef|Bayleef, L90, F|254/254","|turn|29","|callback|decision","|","|move|p1a: Arbok|Glare|p2a: Bayleef|[miss]","|-miss|p1a: Arbok|p2a: Bayleef","|move|p2a: Bayleef|Safeguard|p2a: Bayleef","|-sidestart|p2: Styx88|Safeguard","|","|turn|30","|callback|decision","|chat|Styx88|first ever using safeguard lol","|chat|Styx88|time*","|","|move|p1a: Arbok|Aqua Tail|p2a: Bayleef","|-resisted|p2a: Bayleef","|-damage|p2a: Bayleef|226/254","|move|p2a: Bayleef|Reflect|p2a: Bayleef","|-sidestart|p2: Styx88|Reflect","|","|turn|31","|callback|decision","|","|switch|p2a: Wooper|Wooper, L95, F|196/258","|move|p1a: Arbok|Rest|p1a: Arbok","|-status|p1a: Arbok|slp","|-heal|p1a: Arbok|243/243 slp|[silent]","|-status|p1a: Arbok|slp|[from] move: Rest","|","|-activate|p1a: Arbok|ability: Shed Skin","|-curestatus|p1a: Arbok|slp","|-heal|p2a: Wooper|212/258|[from] item: Leftovers","|turn|32","|callback|decision","|","|move|p1a: Arbok|Seed Bomb|p2a: Wooper","|-supereffective|p2a: Wooper","|-damage|p2a: Wooper|64/258","|move|p2a: Wooper|Earthquake|p1a: Arbok","|-supereffective|p1a: Arbok","|-damage|p1a: Arbok|39/243","|","|-heal|p2a: Wooper|80/258|[from] item: Leftovers","|turn|33","|callback|decision","|","|switch|p2a: Roselia|Roselia, L90, F|236/236","|move|p1a: Arbok|Seed Bomb|p2a: Roselia","|-resisted|p2a: Roselia","|-damage|p2a: Roselia|226/236","|","|-heal|p2a: Roselia|236/236|[from] item: Black Sludge","|-sideend|p2: Styx88|Safeguard","|turn|34","|callback|decision","|","|move|p1a: Arbok|Glare|p2a: Roselia","|-status|p2a: Roselia|par","|move|p2a: Roselia|Sludge Bomb|p1a: Arbok","|-resisted|p1a: Arbok","|-damage|p1a: Arbok|0 fnt","|faint|p1a: Arbok","|","|callback|decision","|","|switch|p1a: Virizion|Virizion, L78|270/270","|turn|35","|callback|decision","|","|move|p1a: Virizion|Hidden Power|p2a: Roselia","|-supereffective|p2a: Roselia","|-damage|p2a: Roselia|150/236 par","|move|p2a: Roselia|Sludge Bomb|p1a: Virizion","|-supereffective|p1a: Virizion","|-damage|p1a: Virizion|96/270","|","|-heal|p1a: Virizion|112/270|[from] item: Leftovers","|-heal|p2a: Roselia|164/236 par|[from] item: Black Sludge","|turn|36","|callback|decision","|","|move|p1a: Virizion|Hidden Power|p2a: Roselia","|-supereffective|p2a: Roselia","|-damage|p2a: Roselia|86/236 par","|cant|p2a: Roselia|par","|","|-heal|p1a: Virizion|128/270|[from] item: Leftovers","|-heal|p2a: Roselia|100/236 par|[from] item: Black Sludge","|turn|37","|callback|decision","|chat|Styx88|btw the chance of paralisis each turn is 25%","|chat|Meloetta<3V|:S","|chat|Styx88|so .39%","|chat|Oran Berrys|Dis still goin?","|chat|Styx88|with hax 100%","|chat|Styx88|lol","|","|move|p1a: Virizion|Hidden Power|p2a: Roselia","|-supereffective|p2a: Roselia","|-damage|p2a: Roselia|16/236 par","|move|p2a: Roselia|Sludge Bomb|p1a: Virizion","|-supereffective|p1a: Virizion","|-damage|p1a: Virizion|0 fnt","|faint|p1a: Virizion","|","|-heal|p2a: Roselia|30/236 par|[from] item: Black Sludge","|-sideend|p2: Styx88|Reflect","|callback|decision","|","|switch|p1a: Cobalion|Cobalion, L78|270/270","|turn|38","|callback|decision","|","|move|p1a: Cobalion|Iron Head|p2a: Roselia","|-damage|p2a: Roselia|0 fnt","|faint|p2a: Roselia","|","|callback|decision","|","|switch|p2a: Bayleef|Bayleef, L90, F|226/254","|turn|39","|callback|decision","|","|move|p1a: Cobalion|Swords Dance|p1a: Cobalion","|-boost|p1a: Cobalion|atk|2","|move|p2a: Bayleef|Reflect|p2a: Bayleef","|-sidestart|p2: Styx88|Reflect","|","|turn|40","|callback|decision","|","|move|p1a: Cobalion|Swords Dance|p1a: Cobalion","|-boost|p1a: Cobalion|atk|2","|move|p2a: Bayleef|Giga Drain|p1a: Cobalion","|-resisted|p1a: Cobalion","|-damage|p1a: Cobalion|226/270","|-heal|p2a: Bayleef|248/254|[from] drain|[of] p1a: Cobalion","|","|-heal|p1a: Cobalion|242/270|[from] item: Leftovers","|turn|41","|callback|decision","|chat|Styx88|gg...","|","|move|p1a: Cobalion|Swords Dance|p1a: Cobalion","|-boost|p1a: Cobalion|atk|2","|move|p2a: Bayleef|Giga Drain|p1a: Cobalion","|-resisted|p1a: Cobalion","|-damage|p1a: Cobalion|203/270","|-heal|p2a: Bayleef|254/254|[from] drain|[of] p1a: Cobalion","|","|-heal|p1a: Cobalion|219/270|[from] item: Leftovers","|turn|42","|callback|decision","|","|move|p1a: Cobalion|Iron Head|p2a: Bayleef","|-damage|p2a: Bayleef|113/254","|cant|p2a: Bayleef|flinch","|","|-heal|p1a: Cobalion|235/270|[from] item: Leftovers","|turn|43","|callback|decision","|chat|Styx88|WOW!","|","|move|p1a: Cobalion|Iron Head|p2a: Bayleef","|-damage|p2a: Bayleef|0 fnt","|faint|p2a: Bayleef","|","|-heal|p1a: Cobalion|251/270|[from] item: Leftovers","|callback|decision","|","|switch|p2a: Wooper|Wooper, L95, F|80/258","|turn|44","|callback|decision","|","|move|p1a: Cobalion|Close Combat|p2a: Wooper","|-crit|p2a: Wooper","|-damage|p2a: Wooper|0 fnt","|-unboost|p1a: Cobalion|def|1","|-unboost|p1a: Cobalion|spd|1","|faint|p2a: Wooper","|","|win|Meloetta<3V"],"p1rating":{"entryid":1102547,"formatid":"randombattle","userid":"meloetta3v","username":"Meloetta<3V","r":1500,"rd":350,"sigma":0.06,"rpr":1662.3108925672,"rprd":290.31896252483,"rpsigma":0.059999269601799,"gxe":63,"rptime":1373500800,"w":1,"l":0,"t":0,"acre":1253.5671558013,"lacre":-3746.4328441987,"oldacre":1007.0121159332,"oldrdacre":1169.3230085004},"p2rating":{"entryid":1102548,"formatid":"randombattle","userid":"styx88","username":"Styx88","r":1500,"rd":350,"sigma":0.06,"rpr":1337.6891074328,"rprd":290.31896252483,"rpsigma":0.059999269601799,"gxe":37,"rptime":1373500800,"w":0,"l":1,"t":0,"acre":928.9453706669,"lacre":-4071.0546293331,"oldacre":1007.0121159332,"oldrdacre":844.70122336593},"endType":"normal"}