{"turns":30,"p1":"Zyphirex","p2":"Main Server Fails","p1team":[{"name":"Virizion","moves":["hiddenpowerice","gigadrain","focusblast","stoneedge"],"ability":"Justified","evs":{"hp":85,"atk":85,"def":85,"spa":85,"spd":85,"spe":85},"ivs":{"hp":31,"atk":30,"def":30,"spa":31,"spd":31,"spe":31},"item":"Leftovers","level":78,"shiny":false},{"name":"Garbodor","moves":["clearsmog","toxicspikes","spikes","gunkshot"],"ability":"Aftermath","evs":{"hp":85,"atk":85,"def":85,"spa":85,"spd":85,"spe":85},"ivs":{"hp":31,"atk":31,"def":31,"spa":31,"spd":31,"spe":31},"item":"Air Balloon","level":86,"shiny":false},{"name":"Vullaby","moves":["darkpulse","whirlwind","knockoff","roost"],"ability":"Overcoat","evs":{"hp":85,"atk":85,"def":85,"spa":85,"spd":85,"spe":85},"ivs":{"hp":31,"atk":31,"def":31,"spa":31,"spd":31,"spe":31},"item":"Leftovers","level":95,"shiny":false},{"name":"Azelf","moves":["fireblast","uturn","thunderbolt","psychic"],"ability":"Levitate","evs":{"hp":85,"atk":85,"def":85,"spa":85,"spd":85,"spe":85},"ivs":{"hp":31,"atk":31,"def":31,"spa":31,"spd":31,"spe":31},"item":"Expert Belt","level":78,"shiny":false},{"name":"Clefable","moves":["calmmind","hypervoice","softboiled","thunderbolt"],"ability":"Magic Guard","evs":{"hp":85,"atk":85,"def":85,"spa":85,"spd":85,"spe":85},"ivs":{"hp":31,"atk":31,"def":31,"spa":31,"spd":31,"spe":31},"item":"Life Orb","level":82,"shiny":false},{"name":"Rayquaza","moves":["outrage","vcreate","dracometeor","extremespeed"],"ability":"Air Lock","evs":{"hp":85,"atk":85,"def":85,"spa":85,"spd":85,"spe":85},"ivs":{"hp":31,"atk":31,"def":31,"spa":31,"spd":31,"spe":31},"item":"Leftovers","level":70,"shiny":false}],"p2team":[{"name":"Hitmonlee","moves":["stoneedge","machpunch","blazekick","suckerpunch"],"ability":"Unburden","evs":{"hp":85,"atk":85,"def":85,"spa":85,"spd":85,"spe":85},"ivs":{"hp":31,"atk":31,"def":31,"spa":31,"spd":31,"spe":31},"item":"Fire Gem","level":82,"shiny":false},{"name":"Happiny","moves":["counter","endeavor","toxic","thunderwave"],"ability":"Natural Cure","evs":{"hp":85,"atk":85,"def":85,"spa":85,"spd":85,"spe":85},"ivs":{"hp":31,"atk":31,"def":31,"spa":31,"spd":31,"spe":31},"item":"Leftovers","level":99,"shiny":false},{"name":"Shinx","moves":["crunch","firefang","wildcharge","icefang"],"ability":"Intimidate","evs":{"hp":85,"atk":85,"def":85,"spa":85,"spd":85,"spe":85},"ivs":{"hp":31,"atk":31,"def":31,"spa":31,"spd":31,"spe":31},"item":"Expert Belt","level":95,"shiny":false},{"name":"Umbreon","moves":["payback","moonlight","toxic","wish"],"ability":"Synchronize","evs":{"hp":85,"atk":85,"def":85,"spa":85,"spd":85,"spe":85},"ivs":{"hp":31,"atk":31,"def":31,"spa":31,"spd":31,"spe":31},"item":"Leftovers","level":78,"shiny":false},{"name":"Tentacruel","moves":["scald","gigadrain","toxic","toxicspikes"],"ability":"Clear Body","evs":{"hp":85,"atk":85,"def":85,"spa":85,"spd":85,"spe":85},"ivs":{"hp":31,"atk":31,"def":31,"spa":31,"spd":31,"spe":31},"item":"Air Balloon","level":78,"shiny":false},{"name":"Mismagius","moves":["shadowball","substitute","willowisp","thunderbolt"],"ability":"Levitate","evs":{"hp":85,"atk":85,"def":85,"spa":85,"spd":85,"spe":85},"ivs":{"hp":31,"atk":31,"def":31,"spa":31,"spd":31,"spe":31},"item":"Leftovers","level":78,"shiny":false}],"log":["|player|p1|Zyphirex|290","|player|p2|Main Server Fails|114","|gametype|singles","|tier|Random Battle","|rated","|rule|Sleep Clause Mod: Limit one foe put to sleep","|rule|HP Percentage Mod: HP is reported as percentages","|","|start","|switch|p1a: Virizion|Virizion, L78|270/270","|switch|p2a: Hitmonlee|Hitmonlee, L82, M|216/216","|turn|1","|callback|decision","|","|move|p1a: Virizion|Focus Blast|p2a: Hitmonlee|[miss]","|-miss|p1a: Virizion|p2a: Hitmonlee","|move|p2a: Hitmonlee|Blaze Kick|p1a: Virizion","|-enditem|p2a: Hitmonlee|Fire Gem|[from] gem|[move] Blaze Kick","|-supereffective|p1a: Virizion","|-damage|p1a: Virizion|34/270","|","|-heal|p1a: Virizion|50/270|[from] item: Leftovers","|turn|2","|callback|decision","|","|move|p2a: Hitmonlee|Mach Punch|p1a: Virizion","|-damage|p1a: Virizion|0 fnt","|faint|p1a: Virizion","|","|callback|decision","|","|switch|p1a: Garbodor|Garbodor, L86, M|278/278","|-item|p1a: Garbodor|Air Balloon","|turn|3","|callback|decision","|","|move|p2a: Hitmonlee|Stone Edge|p1a: Garbodor","|-crit|p1a: Garbodor","|-damage|p1a: Garbodor|104/278","|-enditem|p1a: Garbodor|Air Balloon","|move|p1a: Garbodor|Gunk Shot|p2a: Hitmonlee|[miss]","|-miss|p1a: Garbodor|p2a: Hitmonlee","|","|turn|4","|callback|decision","|","|move|p2a: Hitmonlee|Stone Edge|p1a: Garbodor","|-damage|p1a: Garbodor|24/278","|move|p1a: Garbodor|Gunk Shot|p2a: Hitmonlee","|-damage|p2a: Hitmonlee|32/216","|","|turn|5","|callback|decision","|chat|Main Server Fails|ow","|","|move|p2a: Hitmonlee|Mach Punch|p1a: Garbodor","|-resisted|p1a: Garbodor","|-damage|p1a: Garbodor|0 fnt","|faint|p1a: Garbodor","|-damage|p2a: Hitmonlee|0 fnt|[from] ability: Aftermath|[of] p1a: Garbodor","|faint|p2a: Hitmonlee","|","|callback|decision","|","|switch|p1a: Azelf|Azelf, L78|245/245","|switch|p2a: Mismagius|Mismagius, L78, M|222/222","|turn|6","|callback|decision","|","|move|p1a: Azelf|U-turn|p2a: Mismagius","|-resisted|p2a: Mismagius","|-damage|p2a: Mismagius|183/222","|callback|decision","|","|switch|p1a: Vullaby|Vullaby, L95, F|287/287","|move|p2a: Mismagius|Substitute|p2a: Mismagius","|-start|p2a: Mismagius|Substitute","|-damage|p2a: Mismagius|128/222","|","|-heal|p2a: Mismagius|141/222|[from] item: Leftovers","|turn|7","|callback|decision","|","|move|p2a: Mismagius|Will-O-Wisp|p1a: Vullaby","|-status|p1a: Vullaby|brn","|move|p1a: Vullaby|Whirlwind|p2a: Mismagius","|drag|p2a: Tentacruel|Tentacruel, L78, M|253/253","|-item|p2a: Tentacruel|Air Balloon","|","|-damage|p1a: Vullaby|252/287 brn|[from] brn","|turn|8","|callback|decision","|","|move|p2a: Tentacruel|Toxic Spikes|p1a: Vullaby","|-sidestart|p1: Zyphirex|move: Toxic Spikes","|move|p1a: Vullaby|Knock Off|p2a: Tentacruel","|-damage|p2a: Tentacruel|240/253","|-enditem|p2a: Tentacruel|Air Balloon","|","|-heal|p1a: Vullaby|269/287 brn|[from] item: Leftovers","|-damage|p1a: Vullaby|234/287 brn|[from] brn","|turn|9","|callback|decision","|","|move|p2a: Tentacruel|Toxic Spikes|p1a: Vullaby","|-sidestart|p1: Zyphirex|move: Toxic Spikes","|-fail|p1a: Vullaby","|move|p1a: Vullaby|Dark Pulse|p2a: Tentacruel","|-damage|p2a: Tentacruel|185/253","|","|-heal|p1a: Vullaby|251/287 brn|[from] item: Leftovers","|-damage|p1a: Vullaby|216/287 brn|[from] brn","|turn|10","|callback|decision","|","|move|p2a: Tentacruel|Scald|p1a: Vullaby","|-damage|p1a: Vullaby|146/287 brn","|move|p1a: Vullaby|Dark Pulse|p2a: Tentacruel","|-damage|p2a: Tentacruel|134/253","|","|-heal|p1a: Vullaby|163/287 brn|[from] item: Leftovers","|-damage|p1a: Vullaby|128/287 brn|[from] brn","|turn|11","|callback|decision","|","|move|p2a: Tentacruel|Scald|p1a: Vullaby","|-damage|p1a: Vullaby|62/287 brn","|move|p1a: Vullaby|Roost|p1a: Vullaby","|-heal|p1a: Vullaby|206/287 brn","|","|-heal|p1a: Vullaby|223/287 brn|[from] item: Leftovers","|-damage|p1a: Vullaby|188/287 brn|[from] brn","|turn|12","|callback|decision","|","|move|p2a: Tentacruel|Scald|p1a: Vullaby","|-damage|p1a: Vullaby|116/287 brn","|move|p1a: Vullaby|Roost|p1a: Vullaby","|-heal|p1a: Vullaby|260/287 brn","|","|-heal|p1a: Vullaby|277/287 brn|[from] item: Leftovers","|-damage|p1a: Vullaby|242/287 brn|[from] brn","|turn|13","|callback|decision","|","|move|p2a: Tentacruel|Scald|p1a: Vullaby","|-damage|p1a: Vullaby|167/287 brn","|move|p1a: Vullaby|Dark Pulse|p2a: Tentacruel","|-crit|p2a: Tentacruel","|-damage|p2a: Tentacruel|16/253","|","|-heal|p1a: Vullaby|184/287 brn|[from] item: Leftovers","|-damage|p1a: Vullaby|149/287 brn|[from] brn","|turn|14","|callback|decision","|","|move|p2a: Tentacruel|Scald|p1a: Vullaby","|-damage|p1a: Vullaby|74/287 brn","|move|p1a: Vullaby|Roost|p1a: Vullaby","|-heal|p1a: Vullaby|218/287 brn","|","|-heal|p1a: Vullaby|235/287 brn|[from] item: Leftovers","|-damage|p1a: Vullaby|200/287 brn|[from] brn","|turn|15","|callback|decision","|","|move|p2a: Tentacruel|Scald|p1a: Vullaby","|-damage|p1a: Vullaby|131/287 brn","|move|p1a: Vullaby|Roost|p1a: Vullaby","|-heal|p1a: Vullaby|275/287 brn","|","|-heal|p1a: Vullaby|287/287 brn|[from] item: Leftovers","|-damage|p1a: Vullaby|252/287 brn|[from] brn","|turn|16","|callback|decision","|","|move|p2a: Tentacruel|Scald|p1a: Vullaby","|-damage|p1a: Vullaby|179/287 brn","|move|p1a: Vullaby|Dark Pulse|p2a: Tentacruel","|-damage|p2a: Tentacruel|0 fnt","|faint|p2a: Tentacruel","|","|-heal|p1a: Vullaby|196/287 brn|[from] item: Leftovers","|-damage|p1a: Vullaby|161/287 brn|[from] brn","|callback|decision","|","|switch|p2a: Mismagius|Mismagius, L78, M|141/222","|turn|17","|callback|decision","|","|move|p2a: Mismagius|Thunderbolt|p1a: Vullaby","|-supereffective|p1a: Vullaby","|-damage|p1a: Vullaby|19/287 brn","|move|p1a: Vullaby|Dark Pulse|p2a: Mismagius","|-supereffective|p2a: Mismagius","|-damage|p2a: Mismagius|19/222","|","|-heal|p2a: Mismagius|32/222|[from] item: Leftovers","|-heal|p1a: Vullaby|36/287 brn|[from] item: Leftovers","|-damage|p1a: Vullaby|1/287 brn|[from] brn","|turn|18","|callback|decision","|","|move|p2a: Mismagius|Substitute|p2a: Mismagius","|-fail|p2a: Mismagius|move: Substitute|[weak]","|move|p1a: Vullaby|Dark Pulse|p2a: Mismagius","|-supereffective|p2a: Mismagius","|-damage|p2a: Mismagius|0 fnt","|faint|p2a: Mismagius","|","|-heal|p1a: Vullaby|18/287 brn|[from] item: Leftovers","|-damage|p1a: Vullaby|0 fnt|[from] brn","|faint|p1a: Vullaby","|callback|decision","|chat|Main Server Fails|derp","|","|switch|p1a: Azelf|Azelf, L78|245/245","|switch|p2a: Shinx|Shinx, L95, M|239/239","|-ability|p2a: Shinx|Intimidate|[of] p1a: Azelf","|-unboost|p1a: Azelf|atk|1","|turn|19","|callback|decision","|","|move|p1a: Azelf|Psychic|p2a: Shinx","|-damage|p2a: Shinx|80/239","|move|p2a: Shinx|Crunch|p1a: Azelf","|-supereffective|p1a: Azelf","|-damage|p1a: Azelf|69/245","|","|turn|20","|callback|decision","|","|switch|p2a: Umbreon|Umbreon, L78, F|276/276","|move|p1a: Azelf|Psychic|p2a: Umbreon","|-immune|p2a: Umbreon|[msg]","|","|turn|21","|callback|decision","|","|move|p1a: Azelf|U-turn|p2a: Umbreon","|-supereffective|p2a: Umbreon","|-damage|p2a: Umbreon|202/276","|callback|decision","|","|switch|p1a: Clefable|Clefable, L82, M|290/290","|-status|p1a: Clefable|tox","|move|p2a: Umbreon|Payback|p1a: Clefable","|-damage|p1a: Clefable|251/290 tox","|","|-heal|p2a: Umbreon|219/276|[from] item: Leftovers","|turn|22","|callback|decision","|","|move|p2a: Umbreon|Wish|p2a: Umbreon","|move|p1a: Clefable|Calm Mind|p1a: Clefable","|-boost|p1a: Clefable|spa|1","|-boost|p1a: Clefable|spd|1","|","|-heal|p2a: Umbreon|236/276|[from] item: Leftovers","|turn|23","|callback|decision","|","|move|p1a: Clefable|Calm Mind|p1a: Clefable","|-boost|p1a: Clefable|spa|1","|-boost|p1a: Clefable|spd|1","|move|p2a: Umbreon|Moonlight|p2a: Umbreon","|-heal|p2a: Umbreon|276/276","|","|turn|24","|callback|decision","|","|switch|p2a: Shinx|Shinx, L95, M|80/239","|-ability|p2a: Shinx|Intimidate|[of] p1a: Clefable","|-unboost|p1a: Clefable|atk|1","|move|p1a: Clefable|Calm Mind|p1a: Clefable","|-boost|p1a: Clefable|spa|1","|-boost|p1a: Clefable|spd|1","|","|turn|25","|callback|decision","|","|move|p1a: Clefable|Hyper Voice|p2a: Shinx","|-damage|p2a: Shinx|0 fnt","|faint|p2a: Shinx","|","|callback|decision","|","|switch|p2a: Umbreon|Umbreon, L78, F|276/276","|turn|26","|callback|decision","|","|move|p1a: Clefable|Calm Mind|p1a: Clefable","|-boost|p1a: Clefable|spa|1","|-boost|p1a: Clefable|spd|1","|move|p2a: Umbreon|Moonlight|p2a: Umbreon","|-heal|p2a: Umbreon|276/276","|","|turn|27","|callback|decision","|chat|Main Server Fails|MAGIC GUARD","|chat|Main Server Fails|just noticed that","|chat|Zyphirex|lol","|","|move|p2a: Umbreon|Payback|p1a: Clefable","|-damage|p1a: Clefable|211/290 tox","|move|p1a: Clefable|Calm Mind|p1a: Clefable","|-boost|p1a: Clefable|spa|1","|-boost|p1a: Clefable|spd|1","|","|turn|28","|callback|decision","|chat|Main Server Fails|my failure i9s nearly complete","|","|switch|p2a: Happiny|Happiny, L99, F|358/358","|move|p1a: Clefable|Calm Mind|p1a: Clefable","|-boost|p1a: Clefable|spa|1","|-boost|p1a: Clefable|spd|1","|","|turn|29","|callback|decision","|","|move|p1a: Clefable|Hyper Voice|p2a: Happiny","|-damage|p2a: Happiny|0 fnt","|faint|p2a: Happiny","|","|callback|decision","|chat|Main Server Fails|naw","|chat|Main Server Fails|its complete","|chat|Main Server Fails|gg","|","|switch|p2a: Umbreon|Umbreon, L78, F|276/276","|turn|30","|callback|decision","|chat|Zyphirex|gg","|","|win|Zyphirex"],"p1rating":{"entryid":"1082926","serverid":"tervari","formatid":"randombattle","userid":"zyphirex","username":"Zyphirex","w":3,"l":"1","t":"0","gxe":65.9,"r":"1500","rd":"350","sigma":"0.06","rptime":"1373500800","rpr":1687.4995056251,"rprd":207.33864753464,"rpsigma":0.059997289090612,"acre":1395.5848031466,"lacre":-3604.4151968534,"oldacre":1306.1774890994,"oldrdacre":1369.1035625233},"p2rating":{"entryid":1102047,"formatid":"randombattle","userid":"mainserverfails","username":"Main Server Fails","r":1500,"rd":350,"sigma":0.06,"rpr":1372.8982968047,"rprd":275.39958478327,"rpsigma":0.059998133722604,"gxe":39.6,"rptime":1373500800,"w":0,"l":1,"t":0,"acre":985.15974053158,"lacre":-4014.8402594684,"oldacre":1007.0121159332,"oldrdacre":879.91041273784},"endType":"forfeit"}