{"turns":32,"p1":"nmbmhbkhk","p2":"Donaster23","p1team":[{"name":"Zigzagoon","moves":["substitute","seedbomb","extremespeed","bellydrum"],"ability":"Quick Feet","evs":{"hp":85,"atk":85,"def":85,"spa":85,"spd":85,"spe":85},"ivs":{"hp":31,"atk":31,"def":31,"spa":31,"spd":31,"spe":31},"item":"Leftovers","level":99,"shiny":false},{"name":"Ho-Oh","moves":["roost","bravebird","substitute","earthquake"],"ability":"Regenerator","evs":{"hp":85,"atk":85,"def":85,"spa":85,"spd":85,"spe":85},"ivs":{"hp":31,"atk":31,"def":31,"spa":31,"spd":31,"spe":31},"item":"Leftovers","level":70,"shiny":false},{"name":"Duskull","moves":["painsplit","substitute","nightshade","shadowsneak"],"ability":"Levitate","evs":{"hp":85,"atk":85,"def":85,"spa":85,"spd":85,"spe":85},"ivs":{"hp":31,"atk":31,"def":31,"spa":31,"spd":31,"spe":31},"item":"Leftovers","level":95,"shiny":false},{"name":"Vaporeon","moves":["protect","roar","scald","icebeam"],"ability":"Water Absorb","evs":{"hp":85,"atk":85,"def":85,"spa":85,"spd":85,"spe":85},"ivs":{"hp":31,"atk":31,"def":31,"spa":31,"spd":31,"spe":31},"item":"Leftovers","level":74,"shiny":false},{"name":"Magneton","moves":["magnetrise","substitute","hiddenpowerice","flashcannon"],"ability":"Magnet Pull","evs":{"hp":85,"atk":85,"def":85,"spa":85,"spd":85,"spe":85},"ivs":{"hp":31,"atk":30,"def":30,"spa":31,"spd":31,"spe":31},"item":"Leftovers","level":82,"shiny":false},{"name":"Hitmontop","moves":["closecombat","machpunch","stoneedge","rapidspin"],"ability":"Intimidate","evs":{"hp":85,"atk":85,"def":85,"spa":85,"spd":85,"spe":85},"ivs":{"hp":31,"atk":31,"def":31,"spa":31,"spd":31,"spe":31},"item":"Expert Belt","level":78,"shiny":false}],"p2team":[{"name":"Beedrill","moves":["toxicspikes","xscissor","uturn","poisonjab"],"ability":"Swarm","evs":{"hp":85,"atk":85,"def":85,"spa":85,"spd":85,"spe":85},"ivs":{"hp":31,"atk":31,"def":31,"spa":31,"spd":31,"spe":31},"item":"Focus Sash","level":86,"shiny":false},{"name":"Bastiodon","moves":["roar","stealthrock","protect","fireblast"],"ability":"Sturdy","evs":{"hp":85,"atk":85,"def":85,"spa":85,"spd":85,"spe":85},"ivs":{"hp":31,"atk":31,"def":31,"spa":31,"spd":31,"spe":31},"item":"Air Balloon","level":86,"shiny":false},{"name":"Whimsicott","moves":["stunspore","encore","taunt","leechseed"],"ability":"Prankster","evs":{"hp":85,"atk":85,"def":85,"spa":85,"spd":85,"spe":85},"ivs":{"hp":31,"atk":31,"def":31,"spa":31,"spd":31,"spe":31},"item":"Leftovers","level":82,"shiny":false},{"name":"Ferroseed","moves":["spikes","protect","thunderwave","seedbomb"],"ability":"Iron Barbs","evs":{"hp":85,"atk":85,"def":85,"spa":85,"spd":85,"spe":85},"ivs":{"hp":31,"atk":31,"def":31,"spa":31,"spd":31,"spe":31},"item":"Leftovers","level":95,"shiny":false},{"name":"Ambipom","moves":["lowsweep","fakeout","payback","seedbomb"],"ability":"Technician","evs":{"hp":85,"atk":85,"def":85,"spa":85,"spd":85,"spe":85},"ivs":{"hp":31,"atk":31,"def":31,"spa":31,"spd":31,"spe":31},"item":"Expert Belt","level":78,"shiny":false},{"name":"Togekiss","moves":["thunderwave","nastyplot","airslash","aurasphere"],"ability":"Serene Grace","evs":{"hp":85,"atk":85,"def":85,"spa":85,"spd":85,"spe":85},"ivs":{"hp":31,"atk":31,"def":31,"spa":31,"spd":31,"spe":31},"item":"Leftovers","level":78,"shiny":false}],"log":["|player|p1|nmbmhbkhk|169","|player|p2|Donaster23|265","|gametype|singles","|tier|Random Battle","|rated","|rule|Sleep Clause Mod: Limit one foe put to sleep","|rule|HP Percentage Mod: HP is reported as percentages","|","|start","|switch|p1a: Zigzagoon|Zigzagoon, L99, M|235/235","|switch|p2a: Beedrill|Beedrill, L86, M|252/252","|turn|1","|callback|decision","|","|move|p2a: Beedrill|X-Scissor|p1a: Zigzagoon","|-damage|p1a: Zigzagoon|127/235","|move|p1a: Zigzagoon|Seed Bomb|p2a: Beedrill","|-resisted|p2a: Beedrill","|-damage|p2a: Beedrill|237/252","|","|-heal|p1a: Zigzagoon|141/235|[from] item: Leftovers","|turn|2","|callback|decision","|","|move|p2a: Beedrill|Toxic Spikes|p1a: Zigzagoon","|-sidestart|p1: nmbmhbkhk|move: Toxic Spikes","|move|p1a: Zigzagoon|Seed Bomb|p2a: Beedrill","|-resisted|p2a: Beedrill","|-damage|p2a: Beedrill|223/252","|","|-heal|p1a: Zigzagoon|155/235|[from] item: Leftovers","|turn|3","|callback|decision","|","|move|p2a: Beedrill|Poison Jab|p1a: Zigzagoon","|-damage|p1a: Zigzagoon|47/235","|move|p1a: Zigzagoon|Belly Drum|p1a: Zigzagoon","|-fail|p1a: Zigzagoon","|","|-heal|p1a: Zigzagoon|61/235|[from] item: Leftovers","|turn|4","|callback|decision","|","|move|p2a: Beedrill|Poison Jab|p1a: Zigzagoon","|-damage|p1a: Zigzagoon|0 fnt","|faint|p1a: Zigzagoon","|","|callback|decision","|","|switch|p1a: Vaporeon|Vaporeon, L74, F|314/314","|-status|p1a: Vaporeon|psn","|turn|5","|callback|decision","|","|move|p2a: Beedrill|X-Scissor|p1a: Vaporeon","|-damage|p1a: Vaporeon|200/314 psn","|move|p1a: Vaporeon|Scald|p2a: Beedrill","|-damage|p2a: Beedrill|150/252","|","|-heal|p1a: Vaporeon|219/314 psn|[from] item: Leftovers","|-damage|p1a: Vaporeon|180/314 psn|[from] psn","|turn|6","|callback|decision","|","|move|p2a: Beedrill|U-turn|p1a: Vaporeon","|-crit|p1a: Vaporeon","|-damage|p1a: Vaporeon|0 fnt","|faint|p1a: Vaporeon","|callback|decision","|","|switch|p2a: Bastiodon|Bastiodon, L86, M|243/243","|-item|p2a: Bastiodon|Air Balloon","|","|callback|decision","|","|switch|p1a: Ho-Oh|Ho-Oh, L70|264/264","|turn|7","|callback|decision","|","|move|p1a: Ho-Oh|Brave Bird|p2a: Bastiodon","|-resisted|p2a: Bastiodon","|-damage|p2a: Bastiodon|225/243","|-damage|p1a: Ho-Oh|258/264|[from] recoil|[of] p2a: Bastiodon","|-enditem|p2a: Bastiodon|Air Balloon","|move|p2a: Bastiodon|Roar|p1a: Ho-Oh","|drag|p1a: Duskull|Duskull, L95, M|192/192","|","|turn|8","|callback|decision","|","|move|p1a: Duskull|Shadow Sneak|p2a: Bastiodon","|-resisted|p2a: Bastiodon","|-damage|p2a: Bastiodon|216/243","|move|p2a: Bastiodon|Fire Blast|p1a: Duskull","|-damage|p1a: Duskull|148/192","|","|-heal|p1a: Duskull|160/192|[from] item: Leftovers","|turn|9","|callback|decision","|","|move|p1a: Duskull|Substitute|p1a: Duskull","|-start|p1a: Duskull|Substitute","|-damage|p1a: Duskull|112/192","|move|p2a: Bastiodon|Roar|p1a: Duskull","|drag|p1a: Ho-Oh|Ho-Oh, L70|264/264","|","|turn|10","|callback|decision","|","|move|p1a: Ho-Oh|Brave Bird|p2a: Bastiodon","|-resisted|p2a: Bastiodon","|-damage|p2a: Bastiodon|199/243","|-damage|p1a: Ho-Oh|258/264|[from] recoil|[of] p2a: Bastiodon","|move|p2a: Bastiodon|Roar|p1a: Ho-Oh","|drag|p1a: Duskull|Duskull, L95, M|112/192","|","|-heal|p1a: Duskull|124/192|[from] item: Leftovers","|turn|11","|callback|decision","|","|move|p2a: Bastiodon|Fire Blast|p1a: Duskull","|-damage|p1a: Duskull|78/192","|move|p1a: Duskull|Substitute|p1a: Duskull","|-start|p1a: Duskull|Substitute","|-damage|p1a: Duskull|30/192","|","|-heal|p1a: Duskull|42/192|[from] item: Leftovers","|turn|12","|callback|decision","|","|move|p1a: Duskull|Night Shade|p2a: Bastiodon","|-damage|p2a: Bastiodon|104/243","|move|p2a: Bastiodon|Roar|p1a: Duskull","|drag|p1a: Magneton|Magneton, L82|216/216","|","|turn|13","|callback|decision","|","|move|p1a: Magneton|Substitute|p1a: Magneton","|-start|p1a: Magneton|Substitute","|-damage|p1a: Magneton|162/216","|move|p2a: Bastiodon|Fire Blast|p1a: Magneton","|-crit|p1a: Magneton","|-supereffective|p1a: Magneton","|-end|p1a: Magneton|Substitute","|","|-heal|p1a: Magneton|175/216|[from] item: Leftovers","|turn|14","|callback|decision","|","|move|p1a: Magneton|Magnet Rise|p1a: Magneton","|-start|p1a: Magneton|Magnet Rise","|move|p2a: Bastiodon|Fire Blast|p1a: Magneton","|-supereffective|p1a: Magneton","|-damage|p1a: Magneton|47/216","|","|-heal|p1a: Magneton|60/216|[from] item: Leftovers","|turn|15","|callback|decision","|","|move|p2a: Bastiodon|Protect|p2a: Bastiodon","|-singleturn|p2a: Bastiodon|Protect","|move|p1a: Magneton|Flash Cannon|p2a: Bastiodon","|-activate|p2a: Bastiodon|Protect","|","|-heal|p1a: Magneton|73/216|[from] item: Leftovers","|turn|16","|callback|decision","|","|move|p1a: Magneton|Flash Cannon|p2a: Bastiodon","|-damage|p2a: Bastiodon|34/243","|move|p2a: Bastiodon|Fire Blast|p1a: Magneton","|-supereffective|p1a: Magneton","|-damage|p1a: Magneton|0 fnt","|faint|p1a: Magneton","|","|callback|decision","|chat|Donaster23|lol","|chat|Donaster23|quick nigga","|chat|Donaster23|cmon nigga","|chat|Donaster23|nigga","|chat|Donaster23|nigga","|","|switch|p1a: Hitmontop|Hitmontop, L78, M|206/206","|-status|p1a: Hitmontop|psn","|-ability|p1a: Hitmontop|Intimidate|[of] p2a: Bastiodon","|-unboost|p2a: Bastiodon|atk|1","|turn|17","|callback|decision","|","|move|p1a: Hitmontop|Rapid Spin|p2a: Bastiodon","|-resisted|p2a: Bastiodon","|-damage|p2a: Bastiodon|32/243","|-sideend|p1: nmbmhbkhk|Toxic Spikes|[from] move: Rapid Spin|[of] p1a: Hitmontop","|move|p2a: Bastiodon|Fire Blast|p1a: Hitmontop","|-damage|p1a: Hitmontop|158/206 psn","|","|-damage|p1a: Hitmontop|133/206 psn|[from] psn","|turn|18","|callback|decision","|","|switch|p1a: Duskull|Duskull, L95, M|42/192","|move|p2a: Bastiodon|Roar|p1a: Duskull","|drag|p1a: Hitmontop|Hitmontop, L78, M|133/206 psn","|-ability|p1a: Hitmontop|Intimidate|[of] p2a: Bastiodon","|-unboost|p2a: Bastiodon|atk|1","|","|-damage|p1a: Hitmontop|108/206 psn|[from] psn","|turn|19","|callback|decision","|chat|Donaster23|bastiadon op","|","|move|p1a: Hitmontop|Mach Punch|p2a: Bastiodon","|-supereffective|p2a: Bastiodon","|-damage|p2a: Bastiodon|0 fnt","|faint|p2a: Bastiodon","|","|-damage|p1a: Hitmontop|83/206 psn|[from] psn","|callback|decision","|","|switch|p2a: Ambipom|Ambipom, L78, M|245/245","|turn|20","|callback|decision","|","|move|p1a: Hitmontop|Mach Punch|p2a: Ambipom","|-supereffective|p2a: Ambipom","|-damage|p2a: Ambipom|129/245","|move|p2a: Ambipom|Payback|p1a: Hitmontop","|-resisted|p1a: Hitmontop","|-damage|p1a: Hitmontop|52/206 psn","|","|-damage|p1a: Hitmontop|27/206 psn|[from] psn","|turn|21","|callback|decision","|","|move|p1a: Hitmontop|Mach Punch|p2a: Ambipom","|-supereffective|p2a: Ambipom","|-damage|p2a: Ambipom|1/245","|move|p2a: Ambipom|Low Sweep|p1a: Hitmontop","|-damage|p1a: Hitmontop|0 fnt","|faint|p1a: Hitmontop","|","|callback|decision","|","|switch|p1a: Duskull|Duskull, L95, M|42/192","|turn|22","|callback|decision","|","|move|p2a: Ambipom|Payback|p1a: Duskull","|-crit|p1a: Duskull","|-supereffective|p1a: Duskull","|-damage|p1a: Duskull|0 fnt","|faint|p1a: Duskull","|","|callback|decision","|","|switch|p1a: Ho-Oh|Ho-Oh, L70|264/264","|turn|23","|callback|decision","|chat|Donaster23|you could sweep me with ho oh","|","|move|p2a: Ambipom|Payback|p1a: Ho-Oh","|-crit|p1a: Ho-Oh","|-damage|p1a: Ho-Oh|157/264","|move|p1a: Ho-Oh|Brave Bird|p2a: Ambipom","|-damage|p2a: Ambipom|0 fnt","|-damage|p1a: Ho-Oh|157/264|[from] recoil|[of] p2a: Ambipom","|faint|p2a: Ambipom","|","|-heal|p1a: Ho-Oh|173/264|[from] item: Leftovers","|callback|decision","|","|switch|p2a: Togekiss|Togekiss, L78, F|261/261","|turn|24","|callback|decision","|","|move|p2a: Togekiss|Thunder Wave|p1a: Ho-Oh","|-status|p1a: Ho-Oh|par","|move|p1a: Ho-Oh|Substitute|p1a: Ho-Oh","|-start|p1a: Ho-Oh|Substitute","|-damage|p1a: Ho-Oh|107/264 par","|","|-heal|p1a: Ho-Oh|123/264 par|[from] item: Leftovers","|turn|25","|callback|decision","|","|move|p2a: Togekiss|Nasty Plot|p2a: Togekiss","|-boost|p2a: Togekiss|spa|2","|cant|p1a: Ho-Oh|par","|","|-heal|p1a: Ho-Oh|139/264 par|[from] item: Leftovers","|turn|26","|callback|decision","|","|move|p2a: Togekiss|Nasty Plot|p2a: Togekiss","|-boost|p2a: Togekiss|spa|2","|move|p1a: Ho-Oh|Earthquake|p2a: Togekiss","|-immune|p2a: Togekiss|[msg]","|","|-heal|p1a: Ho-Oh|155/264 par|[from] item: Leftovers","|turn|27","|callback|decision","|","|move|p2a: Togekiss|Nasty Plot|p2a: Togekiss","|-boost|p2a: Togekiss|spa|2","|cant|p1a: Ho-Oh|par","|","|-heal|p1a: Ho-Oh|171/264 par|[from] item: Leftovers","|turn|28","|callback|decision","|","|move|p2a: Togekiss|Nasty Plot|p2a: Togekiss","|-fail|p2a: Togekiss","|cant|p1a: Ho-Oh|par","|","|-heal|p1a: Ho-Oh|187/264 par|[from] item: Leftovers","|turn|29","|callback|decision","|","|move|p2a: Togekiss|Aura Sphere|p1a: Ho-Oh","|-resisted|p1a: Ho-Oh","|-end|p1a: Ho-Oh|Substitute","|move|p1a: Ho-Oh|Roost|p1a: Ho-Oh","|-heal|p1a: Ho-Oh|264/264 par","|","|turn|30","|callback|decision","|","|move|p2a: Togekiss|Aura Sphere|p1a: Ho-Oh","|-resisted|p1a: Ho-Oh","|-damage|p1a: Ho-Oh|173/264 par","|move|p1a: Ho-Oh|Roost|p1a: Ho-Oh","|-heal|p1a: Ho-Oh|264/264 par","|","|turn|31","|callback|decision","|","|move|p2a: Togekiss|Air Slash|p1a: Ho-Oh","|-damage|p1a: Ho-Oh|20/264 par","|cant|p1a: Ho-Oh|flinch","|","|-heal|p1a: Ho-Oh|36/264 par|[from] item: Leftovers","|turn|32","|callback|decision","|chat|Donaster23|hahaha fucker","|","|move|p2a: Togekiss|Air Slash|p1a: Ho-Oh","|-damage|p1a: Ho-Oh|0 fnt","|faint|p1a: Ho-Oh","|","|win|Donaster23"],"p1rating":{"entryid":1088079,"formatid":"randombattle","userid":"nmbmhbkhk","username":"nmbmhbkhk","r":1500,"rd":350,"sigma":0.06,"rpr":1337.6891074328,"rprd":290.31896252483,"rpsigma":0.059999269601799,"gxe":37,"rptime":1373500800,"w":0,"l":1,"t":0,"acre":928.9453706669,"lacre":-4071.0546293331,"oldacre":1007.0121159332,"oldrdacre":844.70122336593},"p2rating":{"entryid":1088080,"formatid":"randombattle","userid":"donaster23","username":"Donaster23","r":1500,"rd":350,"sigma":0.06,"rpr":1662.3108925672,"rprd":290.31896252483,"rpsigma":0.059999269601799,"gxe":63,"rptime":1373500800,"w":1,"l":0,"t":0,"acre":1253.5671558013,"lacre":-3746.4328441987,"oldacre":1007.0121159332,"oldrdacre":1169.3230085004},"endType":"normal"}