{"turns":24,"p1":"AngelMeloetta","p2":"AngelHeracross","p1team":[{"name":"Woobat","moves":["heatwave","roost","gigadrain","airslash"],"ability":"Unaware","evs":{"hp":85,"atk":85,"def":85,"spa":85,"spd":85,"spe":85},"ivs":{"hp":31,"atk":31,"def":31,"spa":31,"spd":31,"spe":31},"item":"Focus Sash","level":95,"shiny":false},{"name":"Larvitar","moves":["superpower","dragondance","earthquake","stoneedge"],"ability":"Guts","evs":{"hp":85,"atk":85,"def":85,"spa":85,"spd":85,"spe":85},"ivs":{"hp":31,"atk":31,"def":31,"spa":31,"spd":31,"spe":31},"item":"Toxic Orb","level":95,"shiny":false},{"name":"Landorus-Therian","moves":["rockpolish","stoneedge","superpower","earthquake"],"ability":"Intimidate","evs":{"hp":85,"atk":85,"def":85,"spa":85,"spd":85,"spe":85},"ivs":{"hp":31,"atk":31,"def":31,"spa":31,"spd":31,"spe":31},"item":"Leftovers","level":74,"shiny":false},{"name":"Jigglypuff","moves":["wish","reflect","seismictoss","healbell"],"ability":"Cute Charm","evs":{"hp":85,"atk":85,"def":85,"spa":85,"spd":85,"spe":85},"ivs":{"hp":31,"atk":31,"def":31,"spa":31,"spd":31,"spe":31},"item":"Light Clay","level":95,"shiny":false},{"name":"Emboar","moves":["wildcharge","flareblitz","earthquake","headsmash"],"ability":"Reckless","evs":{"hp":85,"atk":85,"def":85,"spa":85,"spd":85,"spe":85},"ivs":{"hp":31,"atk":31,"def":31,"spa":31,"spd":31,"spe":31},"item":"Choice Band","level":82,"shiny":false},{"name":"Ho-Oh","moves":["earthquake","substitute","sacredfire","bravebird"],"ability":"Regenerator","evs":{"hp":85,"atk":85,"def":85,"spa":85,"spd":85,"spe":85},"ivs":{"hp":31,"atk":31,"def":31,"spa":31,"spd":31,"spe":31},"item":"Leftovers","level":70,"shiny":false}],"p2team":[{"name":"Salamence","moves":["outrage","roost","earthquake","fireblast"],"ability":"Moxie","evs":{"hp":85,"atk":85,"def":85,"spa":85,"spd":85,"spe":85},"ivs":{"hp":31,"atk":31,"def":31,"spa":31,"spd":31,"spe":31},"item":"Focus Sash","level":74,"shiny":false},{"name":"Tangrowth","moves":["leafstorm","powerwhip","leechseed","hiddenpowerrock"],"ability":"Regenerator","evs":{"hp":85,"atk":85,"def":85,"spa":85,"spd":85,"spe":85},"ivs":{"hp":31,"atk":31,"def":30,"spa":31,"spd":30,"spe":30},"item":"Leftovers","level":82,"shiny":false},{"name":"Mothim","moves":["airslash","gigadrain","quiverdance","roost"],"ability":"Tinted Lens","evs":{"hp":85,"atk":85,"def":85,"spa":85,"spd":85,"spe":85},"ivs":{"hp":31,"atk":31,"def":31,"spa":31,"spd":31,"spe":31},"item":"Leftovers","level":86,"shiny":false},{"name":"Kyogre","moves":["rest","waterspout","thunder","calmmind"],"ability":"Drizzle","evs":{"hp":85,"atk":85,"def":85,"spa":85,"spd":85,"spe":85},"ivs":{"hp":31,"atk":31,"def":31,"spa":31,"spd":31,"spe":31},"item":"Chesto Berry","level":70,"shiny":false},{"name":"Jynx","moves":["trick","lovelykiss","focusblast","shadowball"],"ability":"Dry Skin","evs":{"hp":85,"atk":85,"def":85,"spa":85,"spd":85,"spe":85},"ivs":{"hp":31,"atk":31,"def":31,"spa":31,"spd":31,"spe":31},"item":"Choice Scarf","level":86,"shiny":false},{"name":"Unown","moves":["hiddenpowerpsychic"],"ability":"Levitate","evs":{"hp":85,"atk":85,"def":85,"spa":85,"spd":85,"spe":85},"ivs":{"hp":31,"atk":30,"def":31,"spa":31,"spd":31,"spe":30},"item":"Choice Specs","level":99,"shiny":false}],"log":["|player|p1|AngelMeloetta|134","|player|p2|AngelHeracross|134","|gametype|singles","|tier|Random Battle","|rated","|rule|Sleep Clause Mod: Limit one foe put to sleep","|rule|HP Percentage Mod: HP is reported as percentages","|","|start","|switch|p1a: Woobat|Woobat, L95, F|258/258","|switch|p2a: Salamence|Salamence, L74, F|263/263","|turn|1","|callback|decision","|chat|AngelMeloetta|let me win ofc","|","|move|p2a: Salamence|Roost|p2a: Salamence","|-heal|p2a: Salamence|263/263","|move|p1a: Woobat|Air Slash|p2a: Salamence","|-damage|p2a: Salamence|173/263","|","|turn|2","|callback|decision","|chat|AngelHeracross|Return Favour?","|chat|AngelMeloetta|sure","|chat|AngelMeloetta|dont roost lol","|","|move|p2a: Salamence|Roost|p2a: Salamence","|-heal|p2a: Salamence|263/263","|move|p1a: Woobat|Air Slash|p2a: Salamence","|-damage|p2a: Salamence|179/263","|","|turn|3","|callback|decision","|chat|AngelHeracross|Oh yeah XD","|","|move|p1a: Woobat|Air Slash|p2a: Salamence","|-damage|p2a: Salamence|94/263","|move|p2a: Salamence|Earthquake|p1a: Woobat","|-immune|p1a: Woobat|[msg]","|","|turn|4","|callback|decision","|chat|AngelMeloetta|lol","|","|move|p1a: Woobat|Air Slash|p2a: Salamence","|-damage|p2a: Salamence|16/263","|move|p2a: Salamence|Earthquake|p1a: Woobat","|-immune|p1a: Woobat|[msg]","|","|turn|5","|callback|decision","|","|move|p1a: Woobat|Air Slash|p2a: Salamence|[miss]","|-miss|p1a: Woobat|p2a: Salamence","|move|p2a: Salamence|Earthquake|p1a: Woobat","|-immune|p1a: Woobat|[msg]","|","|turn|6","|callback|decision","|","|move|p2a: Salamence|Earthquake|p1a: Woobat","|-immune|p1a: Woobat|[msg]","|move|p1a: Woobat|Air Slash|p2a: Salamence","|-damage|p2a: Salamence|0 fnt","|faint|p2a: Salamence","|","|callback|decision","|","|switch|p2a: Kyogre|Kyogre, L70|256/256","|-weather|RainDance|[from] ability: Drizzle|[of] p2a: Kyogre","|turn|7","|callback|decision","|chat|AngelMeloetta|wow lame","|chat|AngelMeloetta|at least I have a Ho-Oh","|chat|AngelHeracross|I would have wrecked, I have a Jynx to rain-abuse","|","|move|p1a: Woobat|Giga Drain|p2a: Kyogre","|-supereffective|p2a: Kyogre","|-damage|p2a: Kyogre|182/256","|move|p2a: Kyogre|Calm Mind|p2a: Kyogre","|-boost|p2a: Kyogre|spa|1","|-boost|p2a: Kyogre|spd|1","|","|-weather|RainDance|[upkeep]","|turn|8","|callback|decision","|chat|AngelMeloetta|lol","|","|move|p1a: Woobat|Giga Drain|p2a: Kyogre","|-supereffective|p2a: Kyogre","|-damage|p2a: Kyogre|104/256","|move|p2a: Kyogre|Calm Mind|p2a: Kyogre","|-boost|p2a: Kyogre|spa|1","|-boost|p2a: Kyogre|spd|1","|","|-weather|RainDance|[upkeep]","|turn|9","|callback|decision","|","|switch|p2a: Tangrowth|Tangrowth, L82, F|298/298","|move|p1a: Woobat|Giga Drain|p2a: Tangrowth","|-resisted|p2a: Tangrowth","|-damage|p2a: Tangrowth|262/298","|","|-weather|RainDance|[upkeep]","|-heal|p2a: Tangrowth|280/298|[from] item: Leftovers","|turn|10","|callback|decision","|","|switch|p2a: Unown|Unown, L99|255/255","|move|p1a: Woobat|Heat Wave|p2a: Unown","|-damage|p2a: Unown|218/255","|","|-weather|RainDance|[upkeep]","|turn|11","|callback|decision","|","|move|p1a: Woobat|Air Slash|p2a: Unown","|-damage|p2a: Unown|125/255","|move|p2a: Unown|Hidden Power|p1a: Woobat","|-resisted|p1a: Woobat","|-damage|p1a: Woobat|168/258","|","|-weather|RainDance|[upkeep]","|turn|12","|callback|decision","|chat|AngelMeloetta|wow cheap","|","|move|p1a: Woobat|Air Slash|p2a: Unown","|-damage|p2a: Unown|43/255","|move|p2a: Unown|Hidden Power|p1a: Woobat","|-resisted|p1a: Woobat","|-damage|p1a: Woobat|88/258","|","|-weather|RainDance|[upkeep]","|turn|13","|callback|decision","|chat|AngelHeracross|Unown is OP GDI","|chat|AngelHeracross|Can jus run choice specs","|","|move|p1a: Woobat|Air Slash|p2a: Unown","|-damage|p2a: Unown|0 fnt","|faint|p2a: Unown","|","|-weather|RainDance|[upkeep]","|callback|decision","|chat|AngelMeloetta|lol yeah","|","|switch|p2a: Mothim|Mothim, L86, M|261/261","|turn|14","|callback|decision","|","|move|p1a: Woobat|Heat Wave|p2a: Mothim","|-supereffective|p2a: Mothim","|-damage|p2a: Mothim|169/261","|move|p2a: Mothim|Quiver Dance|p2a: Mothim","|-boost|p2a: Mothim|spa|1","|-boost|p2a: Mothim|spd|1","|-boost|p2a: Mothim|spe|1","|","|-weather|RainDance|[upkeep]","|-heal|p2a: Mothim|185/261|[from] item: Leftovers","|turn|15","|callback|decision","|chat|AngelHeracross|Ummm","|chat|AngelHeracross|Wynaut Air Slash?","|chat|AngelMeloetta|what lol","|","|move|p2a: Mothim|Quiver Dance|p2a: Mothim","|-boost|p2a: Mothim|spa|1","|-boost|p2a: Mothim|spd|1","|-boost|p2a: Mothim|spe|1","|move|p1a: Woobat|Air Slash|p2a: Mothim","|-supereffective|p2a: Mothim","|-damage|p2a: Mothim|0 fnt","|faint|p2a: Mothim","|","|-weather|RainDance|[upkeep]","|callback|decision","|chat|AngelHeracross|Rain is up, Heat Wave dus nuthin","|","|switch|p2a: Jynx|Jynx, L86, F|252/252","|turn|16","|callback|decision","|","|move|p2a: Jynx|Focus Blast|p1a: Woobat","|-resisted|p1a: Woobat","|-damage|p1a: Woobat|53/258","|move|p1a: Woobat|Air Slash|p2a: Jynx","|-crit|p2a: Jynx","|-damage|p2a: Jynx|131/252","|","|-weather|RainDance|[upkeep]","|-heal|p2a: Jynx|162/252|[from] ability: Dry Skin","|turn|17","|callback|decision","|chat|AngelMeloetta|meh","|","|move|p2a: Jynx|Focus Blast|p1a: Woobat","|-resisted|p1a: Woobat","|-damage|p1a: Woobat|18/258","|move|p1a: Woobat|Air Slash|p2a: Jynx|[miss]","|-miss|p1a: Woobat|p2a: Jynx","|","|-weather|RainDance|[upkeep]","|-heal|p2a: Jynx|193/252|[from] ability: Dry Skin","|turn|18","|callback|decision","|chat|AngelMeloetta|lol everything hits","|","|move|p2a: Jynx|Focus Blast|p1a: Woobat","|-resisted|p1a: Woobat","|-damage|p1a: Woobat|0 fnt","|faint|p1a: Woobat","|","|-weather|RainDance|[upkeep]","|-heal|p2a: Jynx|224/252|[from] ability: Dry Skin","|callback|decision","|chat|AngelMeloetta|AWWWW","|chat|AngelMeloetta|NO WOOBAT SWEEP","|","|switch|p1a: Larvitar|Larvitar, L95, M|249/249","|turn|19","|callback|decision","|","|switch|p2a: Kyogre|Kyogre, L70|104/256","|move|p1a: Larvitar|Stone Edge|p2a: Kyogre","|-damage|p2a: Kyogre|0 fnt","|faint|p2a: Kyogre","|","|-weather|RainDance|[upkeep]","|-activate|p1a: Larvitar|item: Toxic Orb","|-status|p1a: Larvitar|tox","|callback|decision","|chat|AngelHeracross|Surely CC1v1 would be better","|chat|AngelMeloetta|ikr","|","|switch|p2a: Tangrowth|Tangrowth, L82, F|298/298","|turn|20","|callback|decision","|","|move|p1a: Larvitar|Stone Edge|p2a: Tangrowth","|-damage|p2a: Tangrowth|181/298","|move|p2a: Tangrowth|Leech Seed|p1a: Larvitar","|-start|p1a: Larvitar|move: Leech Seed","|","|-weather|RainDance|[upkeep]","|-heal|p2a: Tangrowth|199/298|[from] item: Leftovers","|-damage|p1a: Larvitar|218/249 tox|[from] Leech Seed|[of] p2a: Tangrowth","|-heal|p2a: Tangrowth|230/298|[silent]","|-damage|p1a: Larvitar|203/249 tox|[from] psn","|turn|21","|callback|decision","|chat|AngelMeloetta|gee","|","|move|p1a: Larvitar|Superpower|p2a: Tangrowth","|-damage|p2a: Tangrowth|138/298","|-unboost|p1a: Larvitar|atk|1","|-unboost|p1a: Larvitar|def|1","|move|p2a: Tangrowth|Hidden Power|p1a: Larvitar","|-resisted|p1a: Larvitar","|-damage|p1a: Larvitar|168/249 tox","|","|-weather|RainDance|[upkeep]","|-heal|p2a: Tangrowth|156/298|[from] item: Leftovers","|-damage|p1a: Larvitar|137/249 tox|[from] Leech Seed|[of] p2a: Tangrowth","|-heal|p2a: Tangrowth|187/298|[silent]","|-damage|p1a: Larvitar|107/249 tox|[from] psn","|turn|22","|callback|decision","|","|move|p1a: Larvitar|Earthquake|p2a: Tangrowth","|-resisted|p2a: Tangrowth","|-damage|p2a: Tangrowth|144/298","|move|p2a: Tangrowth|Hidden Power|p1a: Larvitar","|-resisted|p1a: Larvitar","|-damage|p1a: Larvitar|70/249 tox","|","|-weather|RainDance|[upkeep]","|-heal|p2a: Tangrowth|162/298|[from] item: Leftovers","|-damage|p1a: Larvitar|39/249 tox|[from] Leech Seed|[of] p2a: Tangrowth","|-heal|p2a: Tangrowth|193/298|[silent]","|-damage|p1a: Larvitar|0 fnt|[from] psn","|faint|p1a: Larvitar","|callback|decision","|chat|AngelMeloetta|werpas","|","|switch|p1a: Emboar|Emboar, L82, M|315/315","|turn|23","|callback|decision","|","|move|p1a: Emboar|Flare Blitz|p2a: Tangrowth","|-supereffective|p2a: Tangrowth","|-damage|p2a: Tangrowth|0 fnt","|-damage|p1a: Emboar|251/315|[from] recoil|[of] p2a: Tangrowth","|faint|p2a: Tangrowth","|","|-weather|RainDance|[upkeep]","|callback|decision","|","|switch|p2a: Jynx|Jynx, L86, F|224/252","|turn|24","|callback|decision","|","|move|p2a: Jynx|Trick|p1a: Emboar","|-activate|p2a: Jynx|move: Trick|[of] p1a: Emboar","|-item|p1a: Emboar|Choice Scarf|[from] move: Trick","|-item|p2a: Jynx|Choice Band|[from] move: Trick","|move|p1a: Emboar|Flare Blitz|p2a: Jynx","|-supereffective|p2a: Jynx","|-damage|p2a: Jynx|0 fnt","|-damage|p1a: Emboar|177/315|[from] recoil|[of] p2a: Jynx","|faint|p2a: Jynx","|","|win|AngelMeloetta"],"p1rating":{"entryid":1078471,"formatid":"randombattle","userid":"angelmeloetta","username":"AngelMeloetta","r":1500,"rd":350,"sigma":0.06,"rpr":1662.3108925672,"rprd":290.31896252483,"rpsigma":0.059999269601799,"gxe":63,"rptime":1373500800,"w":1,"l":0,"t":0,"acre":1253.5671558013,"lacre":-3746.4328441987,"oldacre":1007.0121159332,"oldrdacre":1169.3230085004},"p2rating":{"entryid":1078472,"formatid":"randombattle","userid":"angelheracross","username":"AngelHeracross","r":1500,"rd":350,"sigma":0.06,"rpr":1337.6891074328,"rprd":290.31896252483,"rpsigma":0.059999269601799,"gxe":37,"rptime":1373500800,"w":0,"l":1,"t":0,"acre":928.9453706669,"lacre":-4071.0546293331,"oldacre":1007.0121159332,"oldrdacre":844.70122336593},"endType":"normal"}