{"turns":30,"p1":"IceyCold","p2":"Natu^̮^Serious","p1team":[{"name":"Regice","moves":["rest","focusblast","thunderbolt","sleeptalk"],"ability":"Ice Body","evs":{"hp":85,"atk":85,"def":85,"spa":85,"spd":85,"spe":85},"ivs":{"hp":31,"atk":31,"def":31,"spa":31,"spd":31,"spe":31},"item":"Leftovers","level":86,"shiny":false},{"name":"Espeon","moves":["psychic","substitute","morningsun","hiddenpowerfighting"],"ability":"Magic Bounce","evs":{"hp":85,"atk":85,"def":85,"spa":85,"spd":85,"spe":85},"ivs":{"hp":31,"atk":31,"def":30,"spa":30,"spd":30,"spe":30},"item":"Leftovers","level":74,"shiny":false},{"name":"Exploud","moves":["hypervoice","focusblast","shadowball","icebeam"],"ability":"Scrappy","evs":{"hp":85,"atk":85,"def":85,"spa":85,"spd":85,"spe":85},"ivs":{"hp":31,"atk":31,"def":31,"spa":31,"spd":31,"spe":31},"item":"Expert Belt","level":86,"shiny":false},{"name":"Tangela","moves":["knockoff","leafstorm","sleeppowder","leechseed"],"ability":"Regenerator","evs":{"hp":85,"atk":85,"def":85,"spa":85,"spd":85,"spe":85},"ivs":{"hp":31,"atk":31,"def":31,"spa":31,"spd":31,"spe":31},"item":"Leftovers","level":86,"shiny":false},{"name":"Nidoqueen","moves":["toxicspikes","thunderbolt","sludgewave","fireblast"],"ability":"Sheer Force","evs":{"hp":85,"atk":85,"def":85,"spa":85,"spd":85,"spe":85},"ivs":{"hp":31,"atk":31,"def":31,"spa":31,"spd":31,"spe":31},"item":"Life Orb","level":78,"shiny":false},{"name":"Zubat","moves":["sludgebomb","uturn","toxic","taunt"],"ability":"Inner Focus","evs":{"hp":85,"atk":85,"def":85,"spa":85,"spd":85,"spe":85},"ivs":{"hp":31,"atk":31,"def":31,"spa":31,"spd":31,"spe":31},"item":"Black Sludge","level":95,"shiny":false}],"p2team":[{"name":"Roselia","moves":["sludgebomb","stunspore","gigadrain","spikes"],"ability":"Natural Cure","evs":{"hp":85,"atk":85,"def":85,"spa":85,"spd":85,"spe":85},"ivs":{"hp":31,"atk":31,"def":31,"spa":31,"spd":31,"spe":31},"item":"Focus Sash","level":90,"shiny":false},{"name":"Machoke","moves":["payback","icepunch","bulletpunch","dynamicpunch"],"ability":"No Guard","evs":{"hp":85,"atk":85,"def":85,"spa":85,"spd":85,"spe":85},"ivs":{"hp":31,"atk":31,"def":31,"spa":31,"spd":31,"spe":31},"item":"Choice Band","level":86,"shiny":false},{"name":"Qwilfish","moves":["thunderwave","waterfall","spikes","poisonjab"],"ability":"Intimidate","evs":{"hp":85,"atk":85,"def":85,"spa":85,"spd":85,"spe":85},"ivs":{"hp":31,"atk":31,"def":31,"spa":31,"spd":31,"spe":31},"item":"Air Balloon","level":82,"shiny":false},{"name":"Drowzee","moves":["wish","trickroom","barrier","psychic"],"ability":"Insomnia","evs":{"hp":85,"atk":85,"def":85,"spa":85,"spd":85,"spe":0},"ivs":{"hp":31,"atk":31,"def":31,"spa":31,"spd":31,"spe":0},"item":"Leftovers","level":95,"shiny":false},{"name":"Duosion","moves":["hiddenpowerfighting","shadowball","trickroom","psyshock"],"ability":"Magic Guard","evs":{"hp":85,"atk":85,"def":85,"spa":85,"spd":85,"spe":0},"ivs":{"hp":31,"atk":31,"def":30,"spa":30,"spd":30,"spe":0},"item":"Life Orb","level":90,"shiny":false},{"name":"Magneton","moves":["flashcannon","substitute","thunderwave","magnetrise"],"ability":"Magnet Pull","evs":{"hp":85,"atk":85,"def":85,"spa":85,"spd":85,"spe":85},"ivs":{"hp":31,"atk":31,"def":31,"spa":31,"spd":31,"spe":31},"item":"Leftovers","level":82,"shiny":false}],"log":["|player|p1|IceyCold|99","|player|p2|Natu^̮^Serious|97","|gametype|singles","|tier|Random Battle","|rated","|rule|Sleep Clause Mod: Limit one foe put to sleep","|rule|HP Percentage Mod: HP is reported as percentages","|","|start","|switch|p1a: Regice|Regice, L86|278/278","|switch|p2a: Roselia|Roselia, L90, F|236/236","|turn|1","|callback|decision","|chat|Natu^̮^Serious|gl","|chat|IceyCold|Gl Natu.","|","|switch|p1a: Espeon|Espeon, L74, M|218/218","|move|p2a: Roselia|Spikes|p1a: Espeon","|move|p1a: Espeon|Spikes|p2a: Roselia|[from]Magic Bounce","|-sidestart|p2: Natu^̮^Serious|Spikes","|","|turn|2","|callback|decision","|chat|Natu^̮^Serious|thats like, no fair -_-","|","|switch|p2a: Drowzee|Drowzee, L95, M|268/268","|-damage|p2a: Drowzee|235/268|[from] Spikes","|move|p1a: Espeon|Substitute|p1a: Espeon","|-start|p1a: Espeon|Substitute","|-damage|p1a: Espeon|164/218","|","|-heal|p1a: Espeon|177/218|[from] item: Leftovers","|-heal|p2a: Drowzee|251/268|[from] item: Leftovers","|turn|3","|callback|decision","|","|move|p1a: Espeon|Psychic|p2a: Drowzee","|-resisted|p2a: Drowzee","|-damage|p2a: Drowzee|210/268","|-unboost|p2a: Drowzee|spd|1","|move|p2a: Drowzee|Trick Room|p2a: Drowzee","|-fieldstart|move: Trick Room|[of] p2a: Drowzee","|","|-heal|p2a: Drowzee|226/268|[from] item: Leftovers","|-heal|p1a: Espeon|190/218|[from] item: Leftovers","|turn|4","|callback|decision","|","|switch|p2a: Magneton|Magneton, L82|216/216","|-damage|p2a: Magneton|189/216|[from] Spikes","|move|p1a: Espeon|Psychic|p2a: Magneton","|-resisted|p2a: Magneton","|-damage|p2a: Magneton|130/216","|","|-heal|p2a: Magneton|143/216|[from] item: Leftovers","|-heal|p1a: Espeon|203/218|[from] item: Leftovers","|turn|5","|callback|decision","|","|move|p2a: Magneton|Flash Cannon|p1a: Espeon","|-crit|p1a: Espeon","|-end|p1a: Espeon|Substitute","|move|p1a: Espeon|Hidden Power|p2a: Magneton","|-supereffective|p2a: Magneton","|-damage|p2a: Magneton|23/216","|","|-heal|p2a: Magneton|36/216|[from] item: Leftovers","|-heal|p1a: Espeon|216/218|[from] item: Leftovers","|turn|6","|callback|decision","|","|move|p2a: Magneton|Flash Cannon|p1a: Espeon","|-damage|p1a: Espeon|117/218","|move|p1a: Espeon|Hidden Power|p2a: Magneton","|-supereffective|p2a: Magneton","|-damage|p2a: Magneton|0 fnt","|faint|p2a: Magneton","|","|-heal|p1a: Espeon|130/218|[from] item: Leftovers","|callback|decision","|","|switch|p2a: Machoke|Machoke, L86, M|278/278","|-damage|p2a: Machoke|244/278|[from] Spikes","|turn|7","|callback|decision","|","|switch|p1a: Zubat|Zubat, L95, M|230/230","|move|p2a: Machoke|Payback|p1a: Zubat","|-damage|p1a: Zubat|132/230","|","|-heal|p1a: Zubat|146/230|[from] item: Black Sludge","|-fieldend|move: Trick Room","|turn|8","|callback|decision","|","|switch|p2a: Qwilfish|Qwilfish, L82, M|241/241","|-ability|p2a: Qwilfish|Intimidate|[of] p1a: Zubat","|-unboost|p1a: Zubat|atk|1","|-item|p2a: Qwilfish|Air Balloon","|move|p1a: Zubat|Sludge Bomb|p2a: Qwilfish","|-resisted|p2a: Qwilfish","|-damage|p2a: Qwilfish|201/241","|-enditem|p2a: Qwilfish|Air Balloon","|","|-heal|p1a: Zubat|160/230|[from] item: Black Sludge","|turn|9","|callback|decision","|","|move|p2a: Qwilfish|Waterfall|p1a: Zubat","|-damage|p1a: Zubat|39/230","|move|p1a: Zubat|Taunt|p2a: Qwilfish","|-start|p2a: Qwilfish|move: Taunt","|","|-heal|p1a: Zubat|53/230|[from] item: Black Sludge","|turn|10","|callback|decision","|","|switch|p1a: Nidoqueen|Nidoqueen, L78, F|268/268","|move|p2a: Qwilfish|Waterfall|p1a: Nidoqueen","|-supereffective|p1a: Nidoqueen","|-damage|p1a: Nidoqueen|82/268","|","|turn|11","|callback|decision","|chat|IceyCold|Thought Id take it much better for some reason.","|","|switch|p1a: Zubat|Zubat, L95, M|53/230","|move|p2a: Qwilfish|Waterfall|p1a: Zubat","|-damage|p1a: Zubat|0 fnt","|faint|p1a: Zubat","|","|callback|decision","|chat|Natu^̮^Serious|XP","|","|switch|p1a: Espeon|Espeon, L74, M|130/218","|turn|12","|callback|decision","|","|move|p1a: Espeon|Psychic|p2a: Qwilfish","|-supereffective|p2a: Qwilfish","|-damage|p2a: Qwilfish|0 fnt","|faint|p2a: Qwilfish","|","|-heal|p1a: Espeon|143/218|[from] item: Leftovers","|callback|decision","|","|switch|p2a: Duosion|Duosion, L90, M|263/263","|turn|13","|callback|decision","|","|switch|p1a: Regice|Regice, L86|278/278","|move|p2a: Duosion|Shadow Ball|p1a: Regice","|-damage|p1a: Regice|225/278","|-unboost|p1a: Regice|spd|1","|","|-heal|p1a: Regice|242/278|[from] item: Leftovers","|turn|14","|callback|decision","|","|move|p1a: Regice|Thunderbolt|p2a: Duosion","|-damage|p2a: Duosion|176/263","|move|p2a: Duosion|Trick Room|p2a: Duosion","|-fieldstart|move: Trick Room|[of] p2a: Duosion","|","|-heal|p1a: Regice|259/278|[from] item: Leftovers","|turn|15","|callback|decision","|","|move|p2a: Duosion|Psyshock|p1a: Regice","|-damage|p1a: Regice|132/278","|move|p1a: Regice|Thunderbolt|p2a: Duosion","|-damage|p2a: Duosion|82/263","|","|-heal|p1a: Regice|149/278|[from] item: Leftovers","|turn|16","|callback|decision","|","|move|p2a: Duosion|Psyshock|p1a: Regice","|-damage|p1a: Regice|22/278","|move|p1a: Regice|Thunderbolt|p2a: Duosion","|-damage|p2a: Duosion|0 fnt","|faint|p2a: Duosion","|","|-heal|p1a: Regice|39/278|[from] item: Leftovers","|callback|decision","|","|switch|p2a: Machoke|Machoke, L86, M|244/278","|-damage|p2a: Machoke|210/278|[from] Spikes","|turn|17","|callback|decision","|","|move|p2a: Machoke|DynamicPunch|p1a: Regice","|-supereffective|p1a: Regice","|-damage|p1a: Regice|0 fnt","|faint|p1a: Regice","|","|callback|decision","|","|switch|p1a: Tangela|Tangela, L86, F|252/252","|turn|18","|callback|decision","|","|move|p2a: Machoke|DynamicPunch|p1a: Tangela","|-damage|p1a: Tangela|119/252","|-start|p1a: Tangela|confusion","|-activate|p1a: Tangela|confusion","|-damage|p1a: Tangela|104/252","|","|-heal|p1a: Tangela|119/252|[from] item: Leftovers","|-fieldend|move: Trick Room","|turn|19","|callback|decision","|","|-activate|p1a: Tangela|confusion","|move|p1a: Tangela|Sleep Powder|p2a: Machoke","|-status|p2a: Machoke|slp","|cant|p2a: Machoke|slp","|","|-heal|p1a: Tangela|134/252|[from] item: Leftovers","|turn|20","|callback|decision","|","|switch|p2a: Roselia|Roselia, L90, F|236/236","|-damage|p2a: Roselia|207/236|[from] Spikes","|-activate|p1a: Tangela|confusion","|-damage|p1a: Tangela|118/252","|","|-heal|p1a: Tangela|133/252|[from] item: Leftovers","|turn|21","|callback|decision","|","|switch|p1a: Espeon|Espeon, L74, M|143/218","|move|p2a: Roselia|Sludge Bomb|p1a: Espeon","|-damage|p1a: Espeon|17/218","|","|-heal|p1a: Espeon|30/218|[from] item: Leftovers","|turn|22","|callback|decision","|","|switch|p2a: Drowzee|Drowzee, L95, M|226/268","|-damage|p2a: Drowzee|193/268|[from] Spikes","|move|p1a: Espeon|Psychic|p2a: Drowzee","|-resisted|p2a: Drowzee","|-damage|p2a: Drowzee|154/268","|-unboost|p2a: Drowzee|spd|1","|","|-heal|p1a: Espeon|43/218|[from] item: Leftovers","|-heal|p2a: Drowzee|170/268|[from] item: Leftovers","|turn|23","|callback|decision","|","|move|p1a: Espeon|Morning Sun|p1a: Espeon","|-heal|p1a: Espeon|152/218","|move|p2a: Drowzee|Psychic|p1a: Espeon","|-resisted|p1a: Espeon","|-damage|p1a: Espeon|114/218","|","|-heal|p1a: Espeon|127/218|[from] item: Leftovers","|-heal|p2a: Drowzee|186/268|[from] item: Leftovers","|turn|24","|callback|decision","|","|move|p1a: Espeon|Substitute|p1a: Espeon","|-start|p1a: Espeon|Substitute","|-damage|p1a: Espeon|73/218","|move|p2a: Drowzee|Trick Room|p2a: Drowzee","|-fieldstart|move: Trick Room|[of] p2a: Drowzee","|","|-heal|p2a: Drowzee|202/268|[from] item: Leftovers","|-heal|p1a: Espeon|86/218|[from] item: Leftovers","|turn|25","|callback|decision","|","|move|p2a: Drowzee|Wish|p2a: Drowzee","|move|p1a: Espeon|Morning Sun|p1a: Espeon","|-heal|p1a: Espeon|195/218","|","|-heal|p2a: Drowzee|218/268|[from] item: Leftovers","|-heal|p1a: Espeon|208/218|[from] item: Leftovers","|turn|26","|callback|decision","|","|move|p2a: Drowzee|Psychic|p1a: Espeon","|-resisted|p1a: Espeon","|-activate|p1a: Espeon|Substitute|[damage]","|move|p1a: Espeon|Psychic|p2a: Drowzee","|-resisted|p2a: Drowzee","|-damage|p2a: Drowzee|156/268","|","|-heal|p2a: Drowzee|268/268|[from] move: Wish|[wisher] Drowzee","|-heal|p1a: Espeon|218/218|[from] item: Leftovers","|turn|27","|callback|decision","|","|move|p2a: Drowzee|Psychic|p1a: Espeon","|-resisted|p1a: Espeon","|-end|p1a: Espeon|Substitute","|move|p1a: Espeon|Psychic|p2a: Drowzee","|-resisted|p2a: Drowzee","|-damage|p2a: Drowzee|208/268","|","|-heal|p2a: Drowzee|224/268|[from] item: Leftovers","|turn|28","|callback|decision","|","|switch|p2a: Roselia|Roselia, L90, F|207/236","|-damage|p2a: Roselia|178/236|[from] Spikes","|move|p1a: Espeon|Psychic|p2a: Roselia","|-supereffective|p2a: Roselia","|-damage|p2a: Roselia|0 fnt","|faint|p2a: Roselia","|","|-fieldend|move: Trick Room","|callback|decision","|","|switch|p2a: Machoke|Machoke, L86, M|210/278 slp","|-damage|p2a: Machoke|176/278 slp|[from] Spikes","|turn|29","|callback|decision","|","|move|p1a: Espeon|Psychic|p2a: Machoke","|-supereffective|p2a: Machoke","|-damage|p2a: Machoke|0 fnt","|faint|p2a: Machoke","|","|callback|decision","|chat|IceyCold|Gg.","|","|switch|p2a: Drowzee|Drowzee, L95, M|224/268","|-damage|p2a: Drowzee|191/268|[from] Spikes","|turn|30","|callback|decision","|chat|Natu^̮^Serious|gg","|","|win|IceyCold"],"endType":"forfeit","ladderError":true}