{"turns":23,"p1":"Zyphirex","p2":"CrystalEmpoleon","p1team":[{"name":"Cradily","moves":["seedbomb","curse","rockslide","recover"],"ability":"Storm Drain","evs":{"hp":85,"atk":85,"def":85,"spa":85,"spd":85,"spe":85},"ivs":{"hp":31,"atk":31,"def":31,"spa":31,"spd":31,"spe":31},"item":"Leftovers","level":86,"shiny":false},{"name":"Aerodactyl","moves":["aquatail","earthquake","taunt","stoneedge"],"ability":"Pressure","evs":{"hp":85,"atk":85,"def":85,"spa":85,"spd":85,"spe":85},"ivs":{"hp":31,"atk":31,"def":31,"spa":31,"spd":31,"spe":31},"item":"Leftovers","level":82,"shiny":false},{"name":"Slowpoke","moves":["slackoff","aquatail","trick","scald"],"ability":"Regenerator","evs":{"hp":85,"atk":85,"def":85,"spa":85,"spd":85,"spe":85},"ivs":{"hp":31,"atk":31,"def":31,"spa":31,"spd":31,"spe":31},"item":"Choice Scarf","level":95,"shiny":false},{"name":"Qwilfish","moves":["destinybond","toxicspikes","poisonjab","waterfall"],"ability":"Intimidate","evs":{"hp":85,"atk":85,"def":85,"spa":85,"spd":85,"spe":85},"ivs":{"hp":31,"atk":31,"def":31,"spa":31,"spd":31,"spe":31},"item":"Air Balloon","level":82,"shiny":false},{"name":"Conkeldurr","moves":["bulkup","drainpunch","icepunch","machpunch"],"ability":"Sheer Force","evs":{"hp":85,"atk":85,"def":85,"spa":85,"spd":85,"spe":85},"ivs":{"hp":31,"atk":31,"def":31,"spa":31,"spd":31,"spe":31},"item":"Life Orb","level":74,"shiny":false},{"name":"Ferroseed","moves":["leechseed","seedbomb","thunderwave","spikes"],"ability":"Iron Barbs","evs":{"hp":85,"atk":85,"def":85,"spa":85,"spd":85,"spe":85},"ivs":{"hp":31,"atk":31,"def":31,"spa":31,"spd":31,"spe":31},"item":"Rocky Helmet","level":95,"shiny":false}],"p2team":[{"name":"Landorus","moves":["rockpolish","focusblast","hiddenpowerice","earthpower"],"ability":"Sheer Force","evs":{"hp":85,"atk":85,"def":85,"spa":85,"spd":85,"spe":85},"ivs":{"hp":31,"atk":30,"def":30,"spa":31,"spd":31,"spe":31},"item":"Life Orb","level":70,"shiny":false},{"name":"Shedinja","moves":["swordsdance","shadowsneak","willowisp","xscissor"],"ability":"Wonder Guard","evs":{"hp":85,"atk":85,"def":85,"spa":85,"spd":85,"spe":85},"ivs":{"hp":31,"atk":31,"def":31,"spa":31,"spd":31,"spe":31},"item":"Focus Sash","level":99,"shiny":false},{"name":"Lickilicky","moves":["powerwhip","return","explosion","toxic"],"ability":"Cloud Nine","evs":{"hp":85,"atk":85,"def":85,"spa":85,"spd":85,"spe":85},"ivs":{"hp":31,"atk":31,"def":31,"spa":31,"spd":31,"spe":31},"item":"Leftovers","level":86,"shiny":false},{"name":"Witcheance","moves":["destinybond","calmmind","vendetta","energyball"],"ability":"Serene Grace","evs":{"hp":85,"atk":85,"def":85,"spa":85,"spd":85,"spe":85},"ivs":{"hp":31,"atk":31,"def":31,"spa":31,"spd":31,"spe":31},"item":"Leftovers","level":74,"shiny":false},{"name":"Arceus-Flying","moves":["refresh","recover","calmmind","judgment"],"ability":"Multitype","evs":{"hp":85,"atk":85,"def":85,"spa":85,"spd":85,"spe":85},"ivs":{"hp":31,"atk":31,"def":31,"spa":31,"spd":31,"spe":31},"item":"Sky Plate","level":70,"shiny":false},{"name":"Rhydon","moves":["aquatail","megahorn","stoneedge","earthquake"],"ability":"Rock Head","evs":{"hp":85,"atk":85,"def":85,"spa":85,"spd":85,"spe":85},"ivs":{"hp":31,"atk":31,"def":31,"spa":31,"spd":31,"spe":31},"item":"Expert Belt","level":82,"shiny":false}],"log":["|player|p1|Zyphirex|169","|player|p2|CrystalEmpoleon|40","|gametype|singles","|tier|Tervari Random Battle","|rated","|rule|Sleep Clause Mod: Limit one foe put to sleep","|rule|HP Percentage Mod: HP is reported as percentages","|","|start","|switch|p1a: Cradily|Cradily, L86, F|288/288","|switch|p2a: Landorus|Landorus, L70, M|241/241","|turn|1","|callback|decision","|chat|Ralts|hi","|chat|Zyphirex|yo","|chat|CrystalEmpoleon|sup","|","|move|p2a: Landorus|Focus Blast|p1a: Cradily","|-supereffective|p1a: Cradily","|-damage|p1a: Cradily|84/288","|move|p1a: Cradily|Curse|p1a: Cradily","|-boost|p1a: Cradily|atk|1","|-boost|p1a: Cradily|def|1","|-unboost|p1a: Cradily|spe|1","|","|-heal|p1a: Cradily|102/288|[from] item: Leftovers","|turn|2","|callback|decision","|","|move|p2a: Landorus|Focus Blast|p1a: Cradily","|-supereffective|p1a: Cradily","|-damage|p1a: Cradily|0 fnt","|faint|p1a: Cradily","|","|callback|decision","|","|switch|p1a: Conkeldurr|Conkeldurr, L74, F|277/277","|turn|3","|callback|decision","|","|move|p2a: Landorus|Focus Blast|p1a: Conkeldurr","|-damage|p1a: Conkeldurr|100/277","|move|p1a: Conkeldurr|Ice Punch|p2a: Landorus","|-supereffective|p2a: Landorus","|-damage|p2a: Landorus|0 fnt","|faint|p2a: Landorus","|","|callback|decision","|","|switch|p2a: Witcheance|Witcheance, L74, F|217/217","|turn|4","|callback|decision","|","|move|p2a: Witcheance|Energy Ball|p1a: Conkeldurr","|-damage|p1a: Conkeldurr|0 fnt","|faint|p1a: Conkeldurr","|","|callback|decision","|","|switch|p1a: Ferroseed|Ferroseed, L95, M|238/238","|turn|5","|callback|decision","|","|move|p2a: Witcheance|Destiny Bond|p2a: Witcheance","|-singlemove|p2a: Witcheance|Destiny Bond","|move|p1a: Ferroseed|Thunder Wave|p2a: Witcheance","|-status|p2a: Witcheance|par","|","|turn|6","|callback|decision","|chat|Ralts|o","|","|move|p1a: Ferroseed|Leech Seed|p2a: Witcheance","|-immune|p2a: Witcheance|[msg]","|move|p2a: Witcheance|Calm Mind|p2a: Witcheance","|-boost|p2a: Witcheance|spa|1","|-boost|p2a: Witcheance|spd|1","|","|turn|7","|callback|decision","|chat|Zyphirex|oh","|chat|Zyphirex|lol","|","|switch|p1a: Qwilfish|Qwilfish, L82, F|241/241","|-ability|p1a: Qwilfish|Intimidate|[of] p2a: Witcheance","|-unboost|p2a: Witcheance|atk|1","|-item|p1a: Qwilfish|Air Balloon","|cant|p2a: Witcheance|par","|","|turn|8","|callback|decision","|chat|Zyphirex|IN DAT CASE","|chat|Zyphirex|:P","|","|move|p1a: Qwilfish|Poison Jab|p2a: Witcheance","|-damage|p2a: Witcheance|106/217 par","|cant|p2a: Witcheance|par","|","|-heal|p2a: Witcheance|119/217 par|[from] item: Leftovers","|turn|9","|callback|decision","|","|move|p1a: Qwilfish|Poison Jab|p2a: Witcheance","|-damage|p2a: Witcheance|0 fnt","|faint|p2a: Witcheance","|","|callback|decision","|","|switch|p2a: Shedinja|Shedinja, L99|1/1","|turn|10","|callback|decision","|","|move|p1a: Qwilfish|Toxic Spikes|p2a: Shedinja","|-sidestart|p2: CrystalEmpoleon|move: Toxic Spikes","|move|p2a: Shedinja|Will-O-Wisp|p1a: Qwilfish","|-status|p1a: Qwilfish|brn","|","|-damage|p1a: Qwilfish|211/241 brn|[from] brn","|turn|11","|callback|decision","|","|move|p1a: Qwilfish|Toxic Spikes|p2a: Shedinja","|-sidestart|p2: CrystalEmpoleon|move: Toxic Spikes","|move|p2a: Shedinja|X-Scissor|p1a: Qwilfish","|-resisted|p1a: Qwilfish","|-damage|p1a: Qwilfish|148/241 brn","|-enditem|p1a: Qwilfish|Air Balloon","|","|-damage|p1a: Qwilfish|118/241 brn|[from] brn","|turn|12","|callback|decision","|","|move|p1a: Qwilfish|Waterfall|p2a: Shedinja","|-activate|p2a: Shedinja|ability: Wonder Guard","|move|p2a: Shedinja|Swords Dance|p2a: Shedinja","|-boost|p2a: Shedinja|atk|2","|","|-damage|p1a: Qwilfish|88/241 brn|[from] brn","|turn|13","|callback|decision","|","|move|p1a: Qwilfish|Destiny Bond|p1a: Qwilfish","|-singlemove|p1a: Qwilfish|Destiny Bond","|move|p2a: Shedinja|X-Scissor|p1a: Qwilfish","|-resisted|p1a: Qwilfish","|-damage|p1a: Qwilfish|0 fnt","|faint|p1a: Qwilfish","|-activate|p1a: Qwilfish|Destiny Bond","|faint|p2a: Shedinja","|","|callback|decision","|chat|Zyphirex|huh","|chat|Zyphirex|lol","|","|switch|p1a: Aerodactyl|Aerodactyl, L82, M|265/265","|switch|p2a: Rhydon|Rhydon, L82, F|306/306","|-status|p2a: Rhydon|tox","|-ability|p1a: Aerodactyl|Pressure","|turn|14","|callback|decision","|chat|Ralts|Shedinja for best Shedinja","|","|switch|p1a: Ferroseed|Ferroseed, L95, M|238/238","|move|p2a: Rhydon|Aqua Tail|p1a: Ferroseed","|-resisted|p1a: Ferroseed","|-damage|p1a: Ferroseed|203/238","|-damage|p2a: Rhydon|268/306 tox|[from] ability: Iron Barbs|[of] p1a: Ferroseed","|-damage|p2a: Rhydon|217/306 tox|[from] item: Rocky Helmet|[of] p1a: Ferroseed","|","|-damage|p2a: Rhydon|198/306 tox|[from] psn","|turn|15","|callback|decision","|chat|Ralts|because Shedinja is a Shedinja","|chat|Ralts|rite?","|","|move|p2a: Rhydon|Megahorn|p1a: Ferroseed","|-damage|p1a: Ferroseed|121/238","|-damage|p2a: Rhydon|160/306 tox|[from] ability: Iron Barbs|[of] p1a: Ferroseed","|-damage|p2a: Rhydon|109/306 tox|[from] item: Rocky Helmet|[of] p1a: Ferroseed","|move|p1a: Ferroseed|Spikes|p2a: Rhydon","|-sidestart|p2: CrystalEmpoleon|Spikes","|","|-damage|p2a: Rhydon|71/306 tox|[from] psn","|turn|16","|callback|decision","|","|move|p2a: Rhydon|Earthquake|p1a: Ferroseed","|-damage|p1a: Ferroseed|9/238","|move|p1a: Ferroseed|Spikes|p2a: Rhydon","|-sidestart|p2: CrystalEmpoleon|Spikes","|","|-damage|p2a: Rhydon|14/306 tox|[from] psn","|turn|17","|callback|decision","|","|switch|p1a: Slowpoke|Slowpoke, L95, M|325/325","|move|p2a: Rhydon|Stone Edge|p1a: Slowpoke","|-damage|p1a: Slowpoke|174/325","|","|-damage|p2a: Rhydon|0 fnt|[from] psn","|faint|p2a: Rhydon","|callback|decision","|","|switch|p2a: Arceus-Flying|Arceus-Flying, L70|284/284","|turn|18","|callback|decision","|chat|Zyphirex|-.-","|chat|Zyphirex|this is a serious","|","|move|p2a: Arceus-Flying|Calm Mind|p2a: Arceus-Flying","|-boost|p2a: Arceus-Flying|spa|1","|-boost|p2a: Arceus-Flying|spd|1","|move|p1a: Slowpoke|Trick|p2a: Arceus-Flying","|-fail|p2a: Arceus-Flying","|","|turn|19","|callback|decision","|chat|Zyphirex|FML moment","|chat|Zyphirex|fk","|","|switch|p1a: Ferroseed|Ferroseed, L95, M|9/238","|move|p2a: Arceus-Flying|Judgment|p1a: Ferroseed","|-crit|p1a: Ferroseed","|-damage|p1a: Ferroseed|0 fnt","|faint|p1a: Ferroseed","|","|callback|decision","|","|switch|p1a: Aerodactyl|Aerodactyl, L82, M|265/265","|-ability|p1a: Aerodactyl|Pressure","|turn|20","|callback|decision","|","|move|p1a: Aerodactyl|Stone Edge|p2a: Arceus-Flying","|-supereffective|p2a: Arceus-Flying","|-damage|p2a: Arceus-Flying|78/284","|move|p2a: Arceus-Flying|Judgment|p1a: Aerodactyl","|-resisted|p1a: Aerodactyl","|-damage|p1a: Aerodactyl|170/265","|","|-heal|p1a: Aerodactyl|186/265|[from] item: Leftovers","|turn|21","|callback|decision","|","|move|p1a: Aerodactyl|Stone Edge|p2a: Arceus-Flying","|-supereffective|p2a: Arceus-Flying","|-damage|p2a: Arceus-Flying|0 fnt","|faint|p2a: Arceus-Flying","|","|-heal|p1a: Aerodactyl|202/265|[from] item: Leftovers","|callback|decision","|chat|Zyphirex|lol","|","|switch|p2a: Lickilicky|Lickilicky, L86, F|329/329","|-status|p2a: Lickilicky|tox","|-damage|p2a: Lickilicky|275/329 tox|[from] Spikes","|-message|The effects of weather disappeared. (placeholder)","|turn|22","|callback|decision","|","|move|p1a: Aerodactyl|Stone Edge|p2a: Lickilicky|[miss]","|-miss|p1a: Aerodactyl|p2a: Lickilicky","|move|p2a: Lickilicky|Return|p1a: Aerodactyl","|-resisted|p1a: Aerodactyl","|-damage|p1a: Aerodactyl|140/265","|","|-heal|p1a: Aerodactyl|156/265|[from] item: Leftovers","|-heal|p2a: Lickilicky|295/329 tox|[from] item: Leftovers","|-damage|p2a: Lickilicky|275/329 tox|[from] psn","|turn|23","|callback|decision","|chat|CrystalEmpoleon|GG","|","|move|p1a: Aerodactyl|Stone Edge|p2a: Lickilicky|[miss]","|-miss|p1a: Aerodactyl|p2a: Lickilicky","|move|p2a: Lickilicky|Explosion|p1a: Aerodactyl","|-resisted|p1a: Aerodactyl","|-damage|p1a: Aerodactyl|0 fnt","|faint|p1a: Aerodactyl","|faint|p2a: Lickilicky","|","|win|Zyphirex"],"p1rating":{"entryid":"1492207","serverid":"tervari","formatid":"tervarirandombattle","userid":"zyphirex","username":"Zyphirex","w":3,"l":"0","t":"0","gxe":73.9,"r":"1500","rd":"350","sigma":"0.06","rptime":"1375574400","rpr":1799.6258061886,"rprd":227.73540341121,"rpsigma":0.060001160463552,"acre":1478.9942533109,"lacre":-3521.0057466891,"oldacre":1390.5465294232,"oldrdacre":1442.8542632748},"p2rating":{"entryid":1504181,"formatid":"tervarirandombattle","userid":"crystalempoleon","username":"CrystalEmpoleon","r":1500,"rd":350,"sigma":0.06,"rpr":1406.5893507907,"rprd":289.78167369601,"rpsigma":0.059998176350452,"gxe":42.4,"rptime":1375574400,"w":0,"l":1,"t":0,"acre":998.60206975784,"lacre":-4001.3979302422,"oldacre":1007.0121159332,"oldrdacre":913.60146672383},"endType":"normal"}