{"turns":26,"p1":"Zyphirex","p2":"Sojano","p1team":[{"name":"Drowzee","moves":["shadowball","trickroom","thunderwave","psychic"],"ability":"Insomnia","evs":{"hp":85,"atk":85,"def":85,"spa":85,"spd":85,"spe":0},"ivs":{"hp":31,"atk":31,"def":31,"spa":31,"spd":31,"spe":0},"item":"Focus Sash","level":95,"shiny":false},{"name":"Rotom-Wash","moves":["hiddenpowerice","thunderbolt","painsplit","willowisp"],"ability":"Levitate","evs":{"hp":85,"atk":85,"def":85,"spa":85,"spd":85,"spe":85},"ivs":{"hp":31,"atk":30,"def":30,"spa":31,"spd":31,"spe":31},"item":"Leftovers","level":74,"shiny":false},{"name":"Exploud","moves":["focusblast","surf","hypervoice","overheat"],"ability":"Scrappy","evs":{"hp":85,"atk":85,"def":85,"spa":85,"spd":85,"spe":85},"ivs":{"hp":31,"atk":31,"def":31,"spa":31,"spd":31,"spe":31},"item":"Expert Belt","level":86,"shiny":false},{"name":"Cobalion","moves":["ironhead","thunderwave","voltswitch","stoneedge"],"ability":"Justified","evs":{"hp":85,"atk":85,"def":85,"spa":85,"spd":85,"spe":85},"ivs":{"hp":31,"atk":31,"def":31,"spa":31,"spd":31,"spe":31},"item":"Leftovers","level":78,"shiny":false},{"name":"Huntail","moves":["suckerpunch","shellsmash","return","batonpass"],"ability":"Water Veil","evs":{"hp":85,"atk":85,"def":85,"spa":85,"spd":85,"spe":85},"ivs":{"hp":31,"atk":31,"def":31,"spa":31,"spd":31,"spe":31},"item":"White Herb","level":86,"shiny":false},{"name":"Celebi","moves":["hiddenpowerice","nastyplot","healbell","psychic"],"ability":"Natural Cure","evs":{"hp":85,"atk":85,"def":85,"spa":85,"spd":85,"spe":85},"ivs":{"hp":31,"atk":30,"def":30,"spa":31,"spd":31,"spe":31},"item":"Leftovers","level":74,"shiny":false}],"p2team":[{"name":"Carnivine","moves":["powerwhip","leechseed","sleeppowder","return"],"ability":"Levitate","evs":{"hp":85,"atk":85,"def":85,"spa":85,"spd":85,"spe":85},"ivs":{"hp":31,"atk":31,"def":31,"spa":31,"spd":31,"spe":31},"item":"Focus Sash","level":86,"shiny":false},{"name":"Rayquaza","moves":["dracometeor","outrage","vcreate","swordsdance"],"ability":"Air Lock","evs":{"hp":85,"atk":85,"def":85,"spa":85,"spd":85,"spe":85},"ivs":{"hp":31,"atk":31,"def":31,"spa":31,"spd":31,"spe":31},"item":"Leftovers","level":70,"shiny":false},{"name":"Tynamo","moves":["spark","tackle","thunderwave","chargebeam"],"ability":"Levitate","evs":{"hp":85,"atk":85,"def":85,"spa":85,"spd":85,"spe":85},"ivs":{"hp":31,"atk":31,"def":31,"spa":31,"spd":31,"spe":31},"item":"Leftovers","level":99,"shiny":false},{"name":"Armogeist","moves":["willowisp","shadowsword","swordsdance","earthquake"],"ability":"Time Twister","evs":{"hp":85,"atk":85,"def":85,"spa":85,"spd":85,"spe":85},"ivs":{"hp":31,"atk":31,"def":31,"spa":31,"spd":31,"spe":31},"item":"Leftovers","level":78,"shiny":false},{"name":"Umbreon","moves":["wish","payback","healbell","toxic"],"ability":"Synchronize","evs":{"hp":85,"atk":85,"def":85,"spa":85,"spd":85,"spe":85},"ivs":{"hp":31,"atk":31,"def":31,"spa":31,"spd":31,"spe":31},"item":"Leftovers","level":78,"shiny":false},{"name":"Klinklang","moves":["shiftgear","geargrind","wildcharge","return"],"ability":"Clear Body","evs":{"hp":85,"atk":85,"def":85,"spa":85,"spd":85,"spe":85},"ivs":{"hp":31,"atk":31,"def":31,"spa":31,"spd":31,"spe":31},"item":"Life Orb","level":82,"shiny":false}],"log":["|player|p1|Zyphirex|102","|player|p2|Sojano|163","|gametype|singles","|tier|Tervari Random Battle","|rated","|rule|Sleep Clause Mod: Limit one foe put to sleep","|rule|HP Percentage Mod: HP is reported as percentages","|","|start","|switch|p1a: Drowzee|Drowzee, L95, F|268/268","|switch|p2a: Carnivine|Carnivine, L86, M|268/268","|turn|1","|callback|decision","|chat|Zyphirex|RANK 1 in dah house","|chat|Zyphirex|lol","|","|move|p2a: Carnivine|Leech Seed|p1a: Drowzee","|-start|p1a: Drowzee|move: Leech Seed","|move|p1a: Drowzee|Thunder Wave|p2a: Carnivine","|-status|p2a: Carnivine|par","|","|-damage|p1a: Drowzee|235/268|[from] Leech Seed|[of] p2a: Carnivine","|turn|2","|callback|decision","|","|switch|p1a: Celebi|Celebi, L74|270/270","|move|p2a: Carnivine|Power Whip|p1a: Celebi","|-resisted|p1a: Celebi","|-damage|p1a: Celebi|205/270","|","|-heal|p1a: Celebi|221/270|[from] item: Leftovers","|turn|3","|callback|decision","|","|switch|p2a: Umbreon|Umbreon, L78, M|276/276","|move|p1a: Celebi|Nasty Plot|p1a: Celebi","|-boost|p1a: Celebi|spa|2","|","|-heal|p1a: Celebi|237/270|[from] item: Leftovers","|turn|4","|callback|decision","|","|move|p1a: Celebi|Nasty Plot|p1a: Celebi","|-boost|p1a: Celebi|spa|2","|move|p2a: Umbreon|Toxic|p1a: Celebi","|-status|p1a: Celebi|tox","|","|-heal|p1a: Celebi|253/270 tox|[from] item: Leftovers","|-damage|p1a: Celebi|237/270 tox|[from] psn","|turn|5","|callback|decision","|chat|Zyphirex|oh no","|chat|Zyphirex|lol","|","|move|p1a: Celebi|Nasty Plot|p1a: Celebi","|-boost|p1a: Celebi|spa|2","|move|p2a: Umbreon|Payback|p1a: Celebi","|-supereffective|p1a: Celebi","|-damage|p1a: Celebi|87/270 tox","|","|-heal|p1a: Celebi|103/270 tox|[from] item: Leftovers","|-damage|p1a: Celebi|71/270 tox|[from] psn","|turn|6","|callback|decision","|","|move|p1a: Celebi|Hidden Power|p2a: Umbreon","|-damage|p2a: Umbreon|148/276","|move|p2a: Umbreon|Payback|p1a: Celebi","|-supereffective|p1a: Celebi","|-damage|p1a: Celebi|0 fnt","|faint|p1a: Celebi","|","|-heal|p2a: Umbreon|165/276|[from] item: Leftovers","|callback|decision","|chat|Zyphirex|umb is so bulky","|chat|Zyphirex|:p","|","|switch|p1a: Cobalion|Cobalion, L78|270/270","|turn|7","|callback|decision","|chat|Zyphirex|but not that bulky","|chat|Zyphirex|:p","|","|switch|p2a: Tynamo|Tynamo, L99, F|229/229","|move|p1a: Cobalion|Iron Head|p2a: Tynamo","|-resisted|p2a: Tynamo","|-damage|p2a: Tynamo|180/229","|","|-heal|p2a: Tynamo|194/229|[from] item: Leftovers","|turn|8","|callback|decision","|","|move|p1a: Cobalion|Stone Edge|p2a: Tynamo","|-crit|p2a: Tynamo","|-damage|p2a: Tynamo|16/229","|move|p2a: Tynamo|Thunder Wave|p1a: Cobalion","|-status|p1a: Cobalion|par","|","|-heal|p2a: Tynamo|30/229|[from] item: Leftovers","|turn|9","|callback|decision","|","|move|p2a: Tynamo|Spark|p1a: Cobalion","|-damage|p1a: Cobalion|218/270 par","|move|p1a: Cobalion|Iron Head|p2a: Tynamo","|-resisted|p2a: Tynamo","|-damage|p2a: Tynamo|0 fnt","|faint|p2a: Tynamo","|","|-heal|p1a: Cobalion|234/270 par|[from] item: Leftovers","|callback|decision","|chat|Zyphirex|tynamo is best pokemon ever","|","|switch|p2a: Rayquaza|Rayquaza, L70|263/263","|-message|The effects of weather disappeared. (placeholder)","|turn|10","|callback|decision","|chat|Zyphirex|lol","|","|move|p2a: Rayquaza|V-create|p1a: Cobalion","|-supereffective|p1a: Cobalion","|-damage|p1a: Cobalion|26/270 par","|-unboost|p2a: Rayquaza|def|1","|-unboost|p2a: Rayquaza|spd|1","|-unboost|p2a: Rayquaza|spe|1","|move|p1a: Cobalion|Stone Edge|p2a: Rayquaza","|-supereffective|p2a: Rayquaza","|-damage|p2a: Rayquaza|61/263","|","|-heal|p2a: Rayquaza|77/263|[from] item: Leftovers","|-heal|p1a: Cobalion|42/270 par|[from] item: Leftovers","|turn|11","|callback|decision","|","|switch|p1a: Rotom-Wash|Rotom-Wash, L74|196/196","|move|p2a: Rayquaza|V-create|p1a: Rotom-Wash","|-resisted|p1a: Rotom-Wash","|-damage|p1a: Rotom-Wash|135/196","|-unboost|p2a: Rayquaza|def|1","|-unboost|p2a: Rayquaza|spd|1","|-unboost|p2a: Rayquaza|spe|1","|","|-heal|p1a: Rotom-Wash|147/196|[from] item: Leftovers","|-heal|p2a: Rayquaza|93/263|[from] item: Leftovers","|turn|12","|callback|decision","|","|switch|p2a: Carnivine|Carnivine, L86, M|268/268 par","|move|p1a: Rotom-Wash|Hidden Power|p2a: Carnivine","|-supereffective|p2a: Carnivine","|-damage|p2a: Carnivine|174/268 par","|","|-heal|p1a: Rotom-Wash|159/196|[from] item: Leftovers","|turn|13","|callback|decision","|","|switch|p1a: Cobalion|Cobalion, L78|42/270 par","|move|p2a: Carnivine|Power Whip|p1a: Cobalion","|-resisted|p1a: Cobalion","|-damage|p1a: Cobalion|0 fnt","|faint|p1a: Cobalion","|","|callback|decision","|","|switch|p1a: Exploud|Exploud, L86, F|319/319","|turn|14","|callback|decision","|","|move|p1a: Exploud|Hyper Voice|p2a: Carnivine","|-damage|p2a: Carnivine|65/268 par","|cant|p2a: Carnivine|par","|","|turn|15","|callback|decision","|","|move|p1a: Exploud|Hyper Voice|p2a: Carnivine","|-damage|p2a: Carnivine|0 fnt","|faint|p2a: Carnivine","|","|callback|decision","|","|switch|p2a: Armogeist|Armogeist, L78|261/261","|-fieldstart|move: Trick Room|[of] p2a: Armogeist","|turn|16","|callback|decision","|","|move|p2a: Armogeist|Swords Dance|p2a: Armogeist","|-boost|p2a: Armogeist|atk|2","|move|p1a: Exploud|Overheat|p2a: Armogeist","|-supereffective|p2a: Armogeist","|-damage|p2a: Armogeist|33/261","|-unboost|p1a: Exploud|spa|2","|","|-heal|p2a: Armogeist|49/261|[from] item: Leftovers","|turn|17","|callback|decision","|","|move|p2a: Armogeist|Earthquake|p1a: Exploud","|-damage|p1a: Exploud|177/319","|move|p1a: Exploud|Overheat|p2a: Armogeist|[miss]","|-miss|p1a: Exploud|p2a: Armogeist","|","|-heal|p2a: Armogeist|65/261|[from] item: Leftovers","|turn|18","|callback|decision","|chat|Zyphirex|lol","|chat|Zyphirex|armo isn't that offensive","|","|move|p2a: Armogeist|Earthquake|p1a: Exploud","|-damage|p1a: Exploud|55/319","|move|p1a: Exploud|Overheat|p2a: Armogeist","|-supereffective|p2a: Armogeist","|-damage|p2a: Armogeist|0 fnt","|-unboost|p1a: Exploud|spa|2","|faint|p2a: Armogeist","|","|callback|decision","|","|switch|p2a: Klinklang|Klinklang, L82|233/233","|turn|19","|callback|decision","|","|move|p1a: Exploud|Overheat|p2a: Klinklang","|-supereffective|p2a: Klinklang","|-damage|p2a: Klinklang|157/233","|-unboost|p1a: Exploud|spa|2","|move|p2a: Klinklang|Gear Grind|p1a: Exploud","|-damage|p1a: Exploud|0 fnt","|-hitcount|p1a: Exploud|1","|-damage|p2a: Klinklang|134/233|[from] item: Life Orb","|faint|p1a: Exploud","|","|callback|decision","|","|switch|p1a: Huntail|Huntail, L86, M|235/235","|turn|20","|callback|decision","|","|move|p1a: Huntail|Shell Smash|p1a: Huntail","|-boost|p1a: Huntail|atk|2","|-boost|p1a: Huntail|spa|2","|-boost|p1a: Huntail|spe|2","|-unboost|p1a: Huntail|def|1","|-unboost|p1a: Huntail|spd|1","|-enditem|p1a: Huntail|White Herb","|-restoreboost|p1a: Huntail|[silent]","|move|p2a: Klinklang|Shift Gear|p2a: Klinklang","|-boost|p2a: Klinklang|atk|1","|-boost|p2a: Klinklang|spe|2","|","|-fieldend|move: Trick Room","|turn|21","|callback|decision","|","|move|p1a: Huntail|Sucker Punch|p2a: Klinklang","|-resisted|p2a: Klinklang","|-damage|p2a: Klinklang|84/233","|move|p2a: Klinklang|Wild Charge|p1a: Huntail","|-supereffective|p1a: Huntail","|-damage|p1a: Huntail|27/235","|-damage|p2a: Klinklang|32/233|[from] recoil|[of] p1a: Huntail","|-damage|p2a: Klinklang|9/233|[from] item: Life Orb","|","|turn|22","|callback|decision","|","|move|p1a: Huntail|Sucker Punch|p2a: Klinklang","|-resisted|p2a: Klinklang","|-damage|p2a: Klinklang|0 fnt","|faint|p2a: Klinklang","|","|callback|decision","|","|switch|p2a: Umbreon|Umbreon, L78, M|165/276","|turn|23","|callback|decision","|","|move|p1a: Huntail|Baton Pass|p1a: Huntail","|callback|decision","|","|switch|p1a: Rotom-Wash|Rotom-Wash, L74|159/196","|move|p2a: Umbreon|Payback|p1a: Rotom-Wash","|-damage|p1a: Rotom-Wash|123/196","|","|-heal|p1a: Rotom-Wash|135/196|[from] item: Leftovers","|-heal|p2a: Umbreon|182/276|[from] item: Leftovers","|turn|24","|callback|decision","|","|move|p1a: Rotom-Wash|Thunderbolt|p2a: Umbreon","|-damage|p2a: Umbreon|43/276","|move|p2a: Umbreon|Toxic|p1a: Rotom-Wash","|-status|p1a: Rotom-Wash|tox","|","|-heal|p1a: Rotom-Wash|147/196 tox|[from] item: Leftovers","|-heal|p2a: Umbreon|60/276|[from] item: Leftovers","|-damage|p1a: Rotom-Wash|135/196 tox|[from] psn","|turn|25","|callback|decision","|","|move|p1a: Rotom-Wash|Thunderbolt|p2a: Umbreon","|-crit|p2a: Umbreon","|-damage|p2a: Umbreon|0 fnt","|faint|p2a: Umbreon","|","|-heal|p1a: Rotom-Wash|147/196 tox|[from] item: Leftovers","|-damage|p1a: Rotom-Wash|123/196 tox|[from] psn","|callback|decision","|","|switch|p2a: Rayquaza|Rayquaza, L70|93/263","|-message|The effects of weather disappeared. (placeholder)","|turn|26","|callback|decision","|chat|Zyphirex|gg","|","|move|p1a: Rotom-Wash|Hidden Power|p2a: Rayquaza","|-supereffective|p2a: Rayquaza","|-damage|p2a: Rayquaza|0 fnt","|faint|p2a: Rayquaza","|","|win|Zyphirex"],"p1rating":{"entryid":"1492207","serverid":"tervari","formatid":"tervarirandombattle","userid":"zyphirex","username":"Zyphirex","w":4,"l":"0","t":"0","gxe":76.8,"r":"1799.6258061886","rd":"227.73540341121","sigma":"0.060001160463552","rptime":"1375833600","rpr":1841.705005542,"rprd":213.4679885585,"rpsigma":0.05999958826794,"acre":1541.1607263655,"lacre":-3458.8392736345,"oldacre":1478.6585962101,"oldrdacre":1520.7377955634},"p2rating":{"entryid":1508461,"formatid":"tervarirandombattle","userid":"sojano","username":"Sojano","r":1500,"rd":350,"sigma":0.06,"rpr":1420.3904956778,"rprd":293.44573600857,"rpsigma":0.0599981610541,"gxe":43.5,"rptime":1375833600,"w":0,"l":1,"t":0,"acre":1006.0121159332,"lacre":-3993.9878840668,"oldacre":1007.0121159332,"oldrdacre":927.40261161098},"endType":"normal"}