{"turns":40,"p1":"Steelgrassify","p2":"Necris","p1team":[{"name":"Stantler","moves":["return","megahorn","thunderwave","earthquake"],"ability":"Intimidate","evs":{"hp":85,"atk":85,"def":85,"spa":85,"spd":85,"spe":85},"ivs":{"hp":31,"atk":31,"def":31,"spa":31,"spd":31,"spe":31},"item":"Focus Sash","level":86,"shiny":false},{"name":"Unfezant","moves":["roost","uturn","pluck","return"],"ability":"Big Pecks","evs":{"hp":85,"atk":85,"def":85,"spa":85,"spd":85,"spe":85},"ivs":{"hp":31,"atk":31,"def":31,"spa":31,"spd":31,"spe":31},"item":"Leftovers","level":86,"shiny":false},{"name":"Machamp","moves":["payback","icepunch","bulletpunch","dynamicpunch"],"ability":"No Guard","evs":{"hp":85,"atk":85,"def":85,"spa":85,"spd":85,"spe":85},"ivs":{"hp":31,"atk":31,"def":31,"spa":31,"spd":31,"spe":31},"item":"Expert Belt","level":78,"shiny":false},{"name":"Poliwhirl","moves":["return","waterfall","icebeam","hypnosis"],"ability":"Water Absorb","evs":{"hp":85,"atk":85,"def":85,"spa":85,"spd":85,"spe":85},"ivs":{"hp":31,"atk":31,"def":31,"spa":31,"spd":31,"spe":31},"item":"Life Orb","level":90,"shiny":false},{"name":"Ferroseed","moves":["spikes","stealthrock","gyroball","seedbomb"],"ability":"Iron Barbs","evs":{"hp":85,"atk":85,"def":85,"spa":85,"spd":85,"spe":0},"ivs":{"hp":31,"atk":31,"def":31,"spa":31,"spd":31,"spe":0},"item":"Rocky Helmet","level":95,"shiny":false},{"name":"Colossoil","moves":["uturn","crunch","suckerpunch","rapidspin"],"ability":"Rebound","evs":{"hp":85,"atk":85,"def":85,"spa":85,"spd":85,"spe":85},"ivs":{"hp":31,"atk":31,"def":31,"spa":31,"spd":31,"spe":31},"item":"Leftovers","level":74,"shiny":false}],"p2team":[{"name":"Shelmet","moves":["bugbuzz","toxic","recover","acidarmor"],"ability":"Hydration","evs":{"hp":85,"atk":85,"def":85,"spa":85,"spd":85,"spe":85},"ivs":{"hp":31,"atk":31,"def":31,"spa":31,"spd":31,"spe":31},"item":"Focus Sash","level":95,"shiny":false},{"name":"Vigoroth","moves":["suckerpunch","firepunch","return","slackoff"],"ability":"Vital Spirit","evs":{"hp":85,"atk":85,"def":85,"spa":85,"spd":85,"spe":85},"ivs":{"hp":31,"atk":31,"def":31,"spa":31,"spd":31,"spe":31},"item":"Life Orb","level":86,"shiny":false},{"name":"Chandelure","moves":["calmmind","hiddenpowerfighting","shadowball","energyball"],"ability":"Shadow Tag","evs":{"hp":85,"atk":85,"def":85,"spa":85,"spd":85,"spe":85},"ivs":{"hp":31,"atk":31,"def":30,"spa":30,"spd":30,"spe":30},"item":"Life Orb","level":70,"shiny":false},{"name":"Rotom-Mow","moves":["voltswitch","painsplit","leafstorm","trick"],"ability":"Levitate","evs":{"hp":85,"atk":85,"def":85,"spa":85,"spd":85,"spe":85},"ivs":{"hp":31,"atk":31,"def":31,"spa":31,"spd":31,"spe":31},"item":"Choice Scarf","level":82,"shiny":false},{"name":"Virizion","moves":["calmmind","hiddenpowerice","focusblast","substitute"],"ability":"Justified","evs":{"hp":85,"atk":85,"def":85,"spa":85,"spd":85,"spe":85},"ivs":{"hp":31,"atk":30,"def":30,"spa":31,"spd":31,"spe":31},"item":"Leftovers","level":78,"shiny":false},{"name":"Rotom-Fan","moves":["discharge","rest","trick","willowisp"],"ability":"Levitate","evs":{"hp":85,"atk":85,"def":85,"spa":85,"spd":85,"spe":85},"ivs":{"hp":31,"atk":31,"def":31,"spa":31,"spd":31,"spe":31},"item":"Air Balloon","level":86,"shiny":false}],"log":["|player|p1|Steelgrassify|65","|player|p2|Necris|54","|gametype|singles","|tier|Random Battle","|rated","|rule|Sleep Clause Mod: Limit one foe put to sleep","|rule|HP Percentage Mod: HP is reported as percentages","|","|start","|switch|p1a: Stantler|Stantler, L86, F|266/266","|switch|p2a: Shelmet|Shelmet, L95, F|249/249","|-ability|p1a: Stantler|Intimidate|[of] p2a: Shelmet","|-unboost|p2a: Shelmet|atk|1","|turn|1","|callback|decision","|","|move|p1a: Stantler|Return|p2a: Shelmet","|-damage|p2a: Shelmet|152/249","|move|p2a: Shelmet|Acid Armor|p2a: Shelmet","|-boost|p2a: Shelmet|def|2","|","|turn|2","|callback|decision","|","|switch|p1a: Unfezant|Unfezant, L86, F|278/278","|move|p2a: Shelmet|Acid Armor|p2a: Shelmet","|-boost|p2a: Shelmet|def|2","|","|turn|3","|callback|decision","|","|move|p1a: Unfezant|Pluck|p2a: Shelmet","|-supereffective|p2a: Shelmet","|-damage|p2a: Shelmet|108/249","|move|p2a: Shelmet|Toxic|p1a: Unfezant","|-status|p1a: Unfezant|tox","|","|-damage|p1a: Unfezant|261/278 tox|[from] psn","|turn|4","|callback|decision","|","|move|p1a: Unfezant|U-turn|p2a: Shelmet","|-damage|p2a: Shelmet|92/249","|callback|decision","|","|switch|p1a: Poliwhirl|Poliwhirl, L90, F|263/263","|move|p2a: Shelmet|Recover|p2a: Shelmet","|-heal|p2a: Shelmet|217/249","|","|turn|5","|callback|decision","|","|move|p1a: Poliwhirl|Hypnosis|p2a: Shelmet","|-status|p2a: Shelmet|slp","|cant|p2a: Shelmet|slp","|","|turn|6","|callback|decision","|","|move|p1a: Poliwhirl|Ice Beam|p2a: Shelmet","|-crit|p2a: Shelmet","|-damage|p2a: Shelmet|79/249 slp","|-damage|p1a: Poliwhirl|237/263|[from] item: Life Orb","|-curestatus|p2a: Shelmet|slp","|move|p2a: Shelmet|Acid Armor|p2a: Shelmet","|-boost|p2a: Shelmet|def|2","|","|turn|7","|callback|decision","|","|move|p1a: Poliwhirl|Waterfall|p2a: Shelmet","|-damage|p2a: Shelmet|57/249","|-damage|p1a: Poliwhirl|211/263|[from] item: Life Orb","|move|p2a: Shelmet|Recover|p2a: Shelmet","|-heal|p2a: Shelmet|182/249","|","|turn|8","|callback|decision","|","|move|p1a: Poliwhirl|Hypnosis|p2a: Shelmet|[miss]","|-miss|p1a: Poliwhirl|p2a: Shelmet","|move|p2a: Shelmet|Recover|p2a: Shelmet","|-heal|p2a: Shelmet|249/249","|","|turn|9","|callback|decision","|","|move|p1a: Poliwhirl|Hypnosis|p2a: Shelmet","|-status|p2a: Shelmet|slp","|cant|p2a: Shelmet|slp","|","|turn|10","|callback|decision","|","|move|p1a: Poliwhirl|Ice Beam|p2a: Shelmet","|-damage|p2a: Shelmet|179/249 slp","|-damage|p1a: Poliwhirl|185/263|[from] item: Life Orb","|cant|p2a: Shelmet|slp","|","|turn|11","|callback|decision","|","|move|p1a: Poliwhirl|Ice Beam|p2a: Shelmet","|-damage|p2a: Shelmet|110/249 slp","|-damage|p1a: Poliwhirl|159/263|[from] item: Life Orb","|-curestatus|p2a: Shelmet|slp","|move|p2a: Shelmet|Toxic|p1a: Poliwhirl","|-status|p1a: Poliwhirl|tox","|","|-damage|p1a: Poliwhirl|143/263 tox|[from] psn","|turn|12","|callback|decision","|","|move|p1a: Poliwhirl|Hypnosis|p2a: Shelmet|[miss]","|-miss|p1a: Poliwhirl|p2a: Shelmet","|move|p2a: Shelmet|Recover|p2a: Shelmet","|-heal|p2a: Shelmet|235/249","|","|-damage|p1a: Poliwhirl|111/263 tox|[from] psn","|turn|13","|callback|decision","|chat|Steelgrassify|that is probably the most annoying thing i've seen today xD","|chat|Necris|lol","|","|switch|p1a: Machamp|Machamp, L78, F|268/268","|move|p2a: Shelmet|Bug Buzz|p1a: Machamp","|-resisted|p1a: Machamp","|-damage|p1a: Machamp|233/268","|","|turn|14","|callback|decision","|","|move|p1a: Machamp|DynamicPunch|p2a: Shelmet","|-resisted|p2a: Shelmet","|-damage|p2a: Shelmet|223/249","|-start|p2a: Shelmet|confusion","|-activate|p2a: Shelmet|confusion","|move|p2a: Shelmet|Toxic|p1a: Machamp","|-status|p1a: Machamp|tox","|","|-damage|p1a: Machamp|217/268 tox|[from] psn","|turn|15","|callback|decision","|","|switch|p1a: Ferroseed|Ferroseed, L95, F|238/238","|-activate|p2a: Shelmet|confusion","|move|p2a: Shelmet|Recover|p2a: Shelmet","|-heal|p2a: Shelmet|249/249","|","|turn|16","|callback|decision","|","|-activate|p2a: Shelmet|confusion","|-damage|p2a: Shelmet|245/249","|move|p1a: Ferroseed|Stealth Rock|p2a: Shelmet","|-sidestart|p2: Necris|move: Stealth Rock","|","|turn|17","|callback|decision","|","|-end|p2a: Shelmet|confusion","|move|p2a: Shelmet|Bug Buzz|p1a: Ferroseed","|-damage|p1a: Ferroseed|181/238","|move|p1a: Ferroseed|Spikes|p2a: Shelmet","|-sidestart|p2: Necris|Spikes","|","|turn|18","|callback|decision","|","|switch|p2a: Chandelure|Chandelure, L70, M|200/200","|-damage|p2a: Chandelure|175/200|[from] Spikes","|-damage|p2a: Chandelure|125/200|[from] Stealth Rock","|move|p1a: Ferroseed|Spikes|p2a: Chandelure","|-sidestart|p2: Necris|Spikes","|-fail|p2a: Chandelure","|","|turn|19","|callback|decision","|chat|Necris|what failed?","|chat|Steelgrassify|idk...","|","|move|p2a: Chandelure|Calm Mind|p2a: Chandelure","|-boost|p2a: Chandelure|spa|1","|-boost|p2a: Chandelure|spd|1","|move|p1a: Ferroseed|Spikes|p2a: Chandelure","|-sidestart|p2: Necris|Spikes","|-fail|p2a: Chandelure","|","|turn|20","|callback|decision","|","|move|p2a: Chandelure|Calm Mind|p2a: Chandelure","|-boost|p2a: Chandelure|spa|1","|-boost|p2a: Chandelure|spd|1","|move|p1a: Ferroseed|Seed Bomb|p2a: Chandelure","|-resisted|p2a: Chandelure","|-damage|p2a: Chandelure|83/200","|","|turn|21","|callback|decision","|chat|Steelgrassify|wierd","|chat|Necris|I know","|","|move|p2a: Chandelure|Calm Mind|p2a: Chandelure","|-boost|p2a: Chandelure|spa|1","|-boost|p2a: Chandelure|spd|1","|move|p1a: Ferroseed|Gyro Ball|p2a: Chandelure","|-resisted|p2a: Chandelure","|-damage|p2a: Chandelure|6/200","|","|turn|22","|callback|decision","|chat|Necris|-_-","|","|move|p2a: Chandelure|Hidden Power|p1a: Ferroseed","|-supereffective|p1a: Ferroseed","|-damage|p1a: Ferroseed|0 fnt","|-damage|p2a: Chandelure|0 fnt|[from] item: Life Orb","|faint|p1a: Ferroseed","|faint|p2a: Chandelure","|","|callback|decision","|","|switch|p1a: Poliwhirl|Poliwhirl, L90, F|111/263 tox","|switch|p2a: Rotom-Mow|Rotom-Mow, L82|216/216","|-damage|p2a: Rotom-Mow|189/216|[from] Stealth Rock","|turn|23","|callback|decision","|","|move|p2a: Rotom-Mow|Trick|p1a: Poliwhirl","|-activate|p2a: Rotom-Mow|move: Trick|[of] p1a: Poliwhirl","|-item|p1a: Poliwhirl|Choice Scarf|[from] move: Trick","|-item|p2a: Rotom-Mow|Life Orb|[from] move: Trick","|move|p1a: Poliwhirl|Ice Beam|p2a: Rotom-Mow","|-supereffective|p2a: Rotom-Mow","|-damage|p2a: Rotom-Mow|97/216","|","|-damage|p1a: Poliwhirl|95/263 tox|[from] psn","|turn|24","|callback|decision","|","|switch|p2a: Shelmet|Shelmet, L95, F|245/249","|-damage|p2a: Shelmet|183/249|[from] Spikes","|-damage|p2a: Shelmet|121/249|[from] Stealth Rock","|move|p1a: Poliwhirl|Ice Beam|p2a: Shelmet","|-damage|p2a: Shelmet|68/249","|","|-damage|p1a: Poliwhirl|63/263 tox|[from] psn","|turn|25","|callback|decision","|","|switch|p1a: Unfezant|Unfezant, L86, F|261/278 tox","|move|p2a: Shelmet|Recover|p2a: Shelmet","|-heal|p2a: Shelmet|193/249","|","|-heal|p1a: Unfezant|278/278 tox|[from] item: Leftovers","|-damage|p1a: Unfezant|261/278 tox|[from] psn","|turn|26","|callback|decision","|chat|Necris|I wonder if Im faster","|chat|Steelgrassify|nah","|","|move|p1a: Unfezant|Pluck|p2a: Shelmet","|-supereffective|p2a: Shelmet","|-damage|p2a: Shelmet|65/249","|move|p2a: Shelmet|Acid Armor|p2a: Shelmet","|-boost|p2a: Shelmet|def|2","|","|-heal|p1a: Unfezant|278/278 tox|[from] item: Leftovers","|-damage|p1a: Unfezant|244/278 tox|[from] psn","|turn|27","|callback|decision","|","|move|p1a: Unfezant|Pluck|p2a: Shelmet","|-supereffective|p2a: Shelmet","|-damage|p2a: Shelmet|0 fnt","|faint|p2a: Shelmet","|","|-heal|p1a: Unfezant|261/278 tox|[from] item: Leftovers","|-damage|p1a: Unfezant|210/278 tox|[from] psn","|callback|decision","|","|switch|p2a: Rotom-Fan|Rotom-Fan, L86|226/226","|-damage|p2a: Rotom-Fan|170/226|[from] Stealth Rock","|-item|p2a: Rotom-Fan|Air Balloon","|turn|28","|callback|decision","|chat|Steelgrassify|2 rotoms","|chat|Necris|yeas","|","|move|p1a: Unfezant|Return|p2a: Rotom-Fan","|-damage|p2a: Rotom-Fan|59/226","|-enditem|p2a: Rotom-Fan|Air Balloon","|move|p2a: Rotom-Fan|Discharge|p1a: Unfezant","|-supereffective|p1a: Unfezant","|-damage|p1a: Unfezant|0 fnt","|faint|p1a: Unfezant","|","|callback|decision","|","|switch|p1a: Stantler|Stantler, L86, F|266/266","|-ability|p1a: Stantler|Intimidate|[of] p2a: Rotom-Fan","|-unboost|p2a: Rotom-Fan|atk|1","|turn|29","|callback|decision","|","|move|p2a: Rotom-Fan|Will-O-Wisp|p1a: Stantler","|-status|p1a: Stantler|brn","|move|p1a: Stantler|Return|p2a: Rotom-Fan","|-crit|p2a: Rotom-Fan","|-damage|p2a: Rotom-Fan|0 fnt","|faint|p2a: Rotom-Fan","|","|-damage|p1a: Stantler|233/266 brn|[from] brn","|callback|decision","|","|switch|p2a: Virizion|Virizion, L78|270/270","|-damage|p2a: Virizion|254/270|[from] Stealth Rock","|-damage|p2a: Virizion|187/270|[from] Spikes","|turn|30","|callback|decision","|","|move|p2a: Virizion|Calm Mind|p2a: Virizion","|-boost|p2a: Virizion|spa|1","|-boost|p2a: Virizion|spd|1","|move|p1a: Stantler|Thunder Wave|p2a: Virizion","|-status|p2a: Virizion|par","|","|-heal|p2a: Virizion|203/270 par|[from] item: Leftovers","|-damage|p1a: Stantler|200/266 brn|[from] brn","|turn|31","|callback|decision","|","|move|p1a: Stantler|Return|p2a: Virizion","|-damage|p2a: Virizion|139/270 par","|move|p2a: Virizion|Calm Mind|p2a: Virizion","|-boost|p2a: Virizion|spa|1","|-boost|p2a: Virizion|spd|1","|","|-heal|p2a: Virizion|155/270 par|[from] item: Leftovers","|-damage|p1a: Stantler|167/266 brn|[from] brn","|turn|32","|callback|decision","|","|move|p1a: Stantler|Return|p2a: Virizion","|-damage|p2a: Virizion|82/270 par","|move|p2a: Virizion|Focus Blast|p1a: Stantler|[miss]","|-miss|p2a: Virizion|p1a: Stantler","|","|-heal|p2a: Virizion|98/270 par|[from] item: Leftovers","|-damage|p1a: Stantler|134/266 brn|[from] brn","|turn|33","|callback|decision","|","|move|p1a: Stantler|Return|p2a: Virizion","|-damage|p2a: Virizion|25/270 par","|cant|p2a: Virizion|par","|","|-heal|p2a: Virizion|41/270 par|[from] item: Leftovers","|-damage|p1a: Stantler|101/266 brn|[from] brn","|turn|34","|callback|decision","|","|move|p1a: Stantler|Return|p2a: Virizion","|-damage|p2a: Virizion|0 fnt","|faint|p2a: Virizion","|","|-damage|p1a: Stantler|68/266 brn|[from] brn","|callback|decision","|","|switch|p2a: Vigoroth|Vigoroth, L86, F|278/278","|-damage|p2a: Vigoroth|209/278|[from] Spikes","|-damage|p2a: Vigoroth|175/278|[from] Stealth Rock","|turn|35","|callback|decision","|","|move|p2a: Vigoroth|Slack Off|p2a: Vigoroth","|-heal|p2a: Vigoroth|278/278","|move|p1a: Stantler|Return|p2a: Vigoroth","|-crit|p2a: Vigoroth","|-damage|p2a: Vigoroth|149/278","|","|-damage|p1a: Stantler|35/266 brn|[from] brn","|turn|36","|callback|decision","|","|move|p2a: Vigoroth|Slack Off|p2a: Vigoroth","|-heal|p2a: Vigoroth|278/278","|move|p1a: Stantler|Thunder Wave|p2a: Vigoroth","|-status|p2a: Vigoroth|par","|","|-damage|p1a: Stantler|2/266 brn|[from] brn","|turn|37","|callback|decision","|","|cant|p2a: Vigoroth|par","|move|p1a: Stantler|Return|p2a: Vigoroth","|-damage|p2a: Vigoroth|220/278 par","|","|-damage|p1a: Stantler|0 fnt|[from] brn","|faint|p1a: Stantler","|callback|decision","|","|switch|p1a: Machamp|Machamp, L78, F|217/268 tox","|turn|38","|callback|decision","|","|move|p1a: Machamp|DynamicPunch|p2a: Vigoroth","|-crit|p2a: Vigoroth","|-supereffective|p2a: Vigoroth","|-damage|p2a: Vigoroth|0 fnt","|faint|p2a: Vigoroth","|","|-damage|p1a: Machamp|201/268 tox|[from] psn","|callback|decision","|","|switch|p2a: Rotom-Mow|Rotom-Mow, L82|97/216","|-damage|p2a: Rotom-Mow|70/216|[from] Stealth Rock","|turn|39","|callback|decision","|","|move|p2a: Rotom-Mow|Pain Split|p1a: Machamp","|-sethp|p1a: Machamp|135/268 tox|p2a: Rotom-Mow|135/216|[from] move: Pain Split","|move|p1a: Machamp|Ice Punch|p2a: Rotom-Mow","|-supereffective|p2a: Rotom-Mow","|-damage|p2a: Rotom-Mow|13/216","|","|-damage|p1a: Machamp|103/268 tox|[from] psn","|turn|40","|callback|decision","|","|move|p1a: Machamp|Bullet Punch|p2a: Rotom-Mow","|-resisted|p2a: Rotom-Mow","|-damage|p2a: Rotom-Mow|0 fnt","|faint|p2a: Rotom-Mow","|","|win|Steelgrassify"],"p1rating":{"entryid":1040974,"formatid":"randombattle","userid":"steelgrassify","username":"Steelgrassify","r":1500,"rd":350,"sigma":0.06,"rpr":1899.2702770017,"rprd":311.88673326249,"rpsigma":0.06000817860309,"gxe":78.3,"rptime":1373241600,"w":1,"l":0,"t":0,"acre":1460.1610032129,"lacre":-3539.8389967871,"oldacre":1007.0121159332,"oldrdacre":1406.2823929349},"p2rating":{"entryid":"944743","serverid":"tervari","formatid":"randombattle","userid":"necris","username":"Necris","w":"3","l":1,"t":"0","gxe":73.2,"r":"1893.1533302167","rd":"257.84398823035","sigma":"0.060005997669435","rptime":"1373241600","rpr":1787.9245717725,"rprd":221.01708870883,"rpsigma":0.060004618478593,"acre":1476.751819079,"lacre":-3523.248180921,"oldacre":1618.7088221295,"oldrdacre":1458.6184863264},"endType":"normal"}