{"turns":27,"p1":"fapmaster22","p2":"†Gym TRNR Eremiel†","p1team":[{"name":"Granny Pincher","species":"Scizor","gender":"F","item":"Iron Plate","ability":"Technician","shiny":true,"evs":{"hp":136,"atk":252,"def":120,"spa":0,"spd":0,"spe":0},"nature":"Adamant","moves":["Bullet Punch","Swords Dance","U-turn","Brick Break"],"ivs":{"hp":31,"atk":31,"def":31,"spa":31,"spd":31,"spe":31},"level":100,"forcedLevel":100},{"name":"Mastodon","species":"Donphan","gender":"M","item":"Earth Plate","ability":"Sturdy","shiny":true,"evs":{"hp":4,"atk":252,"def":0,"spa":0,"spd":0,"spe":252},"nature":"Adamant","moves":["Earthquake","Ice Shard","Rapid Spin","Stealth Rock"],"ivs":{"hp":31,"atk":31,"def":31,"spa":31,"spd":31,"spe":31},"level":100,"forcedLevel":100},{"name":"Houdini","species":"Alakazam","gender":"M","item":"Focus Sash","ability":"Synchronize","shiny":true,"evs":{"hp":0,"atk":0,"def":4,"spa":252,"spd":0,"spe":252},"nature":"Modest","moves":["Psychic","Protect","Shadow Ball","Shock Wave"],"ivs":{"hp":31,"atk":31,"def":31,"spa":31,"spd":31,"spe":31},"level":100,"forcedLevel":100},{"name":"Swirl","species":"Politoed","gender":"M","item":"Splash Plate","ability":"Drizzle","shiny":true,"evs":{"hp":4,"atk":0,"def":0,"spa":252,"spd":0,"spe":252},"nature":"Modest","moves":["Surf","Ice Beam","Hypnosis","Hyper Voice"],"ivs":{"hp":31,"atk":31,"def":31,"spa":31,"spd":31,"spe":31},"level":100,"forcedLevel":100},{"name":"HellHound","species":"Houndoom","gender":"M","item":"Flame Plate","ability":"Flash Fire","shiny":true,"evs":{"hp":0,"atk":0,"def":0,"spa":252,"spd":0,"spe":252},"nature":"Modest","moves":["Dark Pulse","Super Fang","Hidden Power Ground","Heat Wave"],"ivs":{"spa":30,"spd":30,"spe":31,"hp":31,"atk":31,"def":31},"level":100,"forcedLevel":100},{"name":"TreeBreeze","species":"Abomasnow","gender":"M","item":"Meadow Plate","ability":"Snow Warning","shiny":true,"evs":{"hp":4,"atk":0,"def":0,"spa":252,"spd":0,"spe":252},"moves":["Giga Drain","Blizzard","Ice Shard","Protect"],"ivs":{"hp":31,"atk":31,"def":31,"spa":31,"spd":31,"spe":31},"level":100,"forcedLevel":100}],"p2team":[{"name":"Thundurus-Teriyaki","species":"Thundurus-Therian","gender":"M","item":"Choice Scarf","ability":"Volt Absorb","evs":{"hp":4,"atk":0,"def":0,"spa":252,"spd":0,"spe":252},"nature":"Modest","moves":["Thunderbolt","Volt Switch","Hidden Power Ice","Focus Blast"],"ivs":{"atk":30,"def":30,"hp":31,"spa":31,"spd":31,"spe":31},"level":100,"forcedLevel":100},{"species":"Honchkrow","gender":"M","item":"Life Orb","ability":"Moxie","shiny":true,"evs":{"hp":252,"atk":252,"def":0,"spa":0,"spd":0,"spe":4},"nature":"Adamant","moves":["Superpower","Sucker Punch","Brave Bird","Roost"],"ivs":{"hp":31,"atk":31,"def":31,"spa":31,"spd":31,"spe":31},"level":100,"forcedLevel":100,"name":"Honchkrow"},{"species":"Skarmory","gender":"M","item":"Leftovers","ability":"Sturdy","evs":{"hp":252,"atk":0,"def":252,"spa":0,"spd":4,"spe":0},"nature":"Impish","moves":["Brave Bird","Stealth Rock","Roost","Whirlwind"],"ivs":{"hp":31,"atk":31,"def":31,"spa":31,"spd":31,"spe":31},"level":100,"forcedLevel":100,"name":"Skarmory"},{"name":"Emo Bird","species":"Staraptor","gender":"M","item":"Choice Band","ability":"Reckless","shiny":true,"evs":{"hp":0,"atk":252,"def":0,"spa":0,"spd":4,"spe":252},"nature":"Jolly","moves":["Close Combat","Quick Attack","U-turn","Double-Edge"],"ivs":{"hp":31,"atk":31,"def":31,"spa":31,"spd":31,"spe":31},"level":100,"forcedLevel":100},{"species":"Xatu","gender":"M","item":"Leftovers","ability":"Magic Bounce","evs":{"hp":252,"atk":0,"def":0,"spa":0,"spd":252,"spe":4},"nature":"Calm","moves":["Thunder Wave","Night Shade","U-turn","Roost"],"ivs":{"hp":31,"atk":31,"def":31,"spa":31,"spd":31,"spe":31},"level":100,"forcedLevel":100,"name":"Xatu"},{"species":"Landorus","gender":"M","item":"Life Orb","ability":"Sheer Force","evs":{"hp":4,"atk":0,"def":0,"spa":252,"spd":0,"spe":252},"nature":"Timid","moves":["Earth Power","Psychic","Focus Blast","Hidden Power Ice"],"ivs":{"atk":30,"def":30,"hp":31,"spa":31,"spd":31,"spe":31},"level":100,"forcedLevel":100,"name":"Landorus"}],"log":["|player|p1|fapmaster22|2","|player|p2|†Gym TRNR Eremiel†|31","|gametype|singles","|tier|OU","|rated","|rule|Evasion Abilities Clause: Evasion abilities are banned","|clearpoke","|poke|p1|Scizor, F, shiny","|poke|p1|Donphan, M, shiny","|poke|p1|Alakazam, M, shiny","|poke|p1|Politoed, M, shiny","|poke|p1|Houndoom, M, shiny","|poke|p1|Abomasnow, M, shiny","|poke|p2|Thundurus-Therian, M","|poke|p2|Honchkrow, M, shiny","|poke|p2|Skarmory, M","|poke|p2|Staraptor, M, shiny","|poke|p2|Xatu, M","|poke|p2|Landorus, M","|rule|Sleep Clause Mod: Limit one foe put to sleep","|rule|Species Clause: Limit one of each Pokemon","|rule|OHKO Clause: OHKO moves are banned","|rule|Moody Clause: Moody is banned","|rule|Evasion Moves Clause: Evasion moves are banned","|rule|HP Percentage Mod: HP is reported as percentages","|teampreview","|callback|decision","|chat|fapmaster22|hi","|","|start","|switch|p1a: Swirl|Politoed, M, shiny|322/322","|switch|p2a: Landorus|Landorus, M|320/320","|-weather|RainDance|[from] ability: Drizzle|[of] p1a: Swirl","|turn|1","|callback|decision","|","|move|p2a: Landorus|Earth Power|p1a: Swirl","|-damage|p1a: Swirl|63/322","|move|p1a: Swirl|Ice Beam|p2a: Landorus","|-supereffective|p2a: Landorus","|-damage|p2a: Landorus|0 fnt","|faint|p2a: Landorus","|","|-weather|RainDance|[upkeep]","|callback|decision","|","|switch|p2a: Honchkrow|Honchkrow, M, shiny|404/404","|turn|2","|callback|decision","|","|move|p2a: Honchkrow|Sucker Punch|p1a: Swirl","|-damage|p1a: Swirl|0 fnt","|-damage|p2a: Honchkrow|364/404|[from] item: Life Orb","|faint|p1a: Swirl","|-boost|p2a: Honchkrow|atk|1|[from] ability: Moxie","|","|-weather|RainDance|[upkeep]","|callback|decision","|","|switch|p1a: Houdini|Alakazam, M, shiny|251/251","|turn|3","|callback|decision","|","|move|p1a: Houdini|Protect|p1a: Houdini","|-singleturn|p1a: Houdini|Protect","|move|p2a: Honchkrow|Sucker Punch|p1a: Houdini","|-activate|p1a: Houdini|Protect","|","|-weather|RainDance|[upkeep]","|turn|4","|callback|decision","|","|move|p2a: Honchkrow|Sucker Punch|p1a: Houdini","|-supereffective|p1a: Houdini","|-enditem|p1a: Houdini|Focus Sash","|-damage|p1a: Houdini|1/251","|-damage|p2a: Honchkrow|324/404|[from] item: Life Orb","|move|p1a: Houdini|Shock Wave|p2a: Honchkrow","|-supereffective|p2a: Honchkrow","|-damage|p2a: Honchkrow|52/404","|","|-weather|RainDance|[upkeep]","|turn|5","|callback|decision","|","|move|p1a: Houdini|Protect|p1a: Houdini","|-singleturn|p1a: Houdini|Protect","|move|p2a: Honchkrow|Sucker Punch|p1a: Houdini","|-activate|p1a: Houdini|Protect","|","|-weather|RainDance|[upkeep]","|turn|6","|callback|decision","|","|switch|p1a: Granny Pincher|Scizor, F, shiny|315/315","|move|p2a: Honchkrow|Sucker Punch|p1a: Granny Pincher","|-fail|p1a: Granny Pincher","|","|-weather|RainDance|[upkeep]","|turn|7","|callback|decision","|","|move|p2a: Honchkrow|Sucker Punch|p1a: Granny Pincher","|-resisted|p1a: Granny Pincher","|-damage|p1a: Granny Pincher|183/315","|-damage|p2a: Honchkrow|12/404|[from] item: Life Orb","|move|p1a: Granny Pincher|Bullet Punch|p2a: Honchkrow","|-damage|p2a: Honchkrow|0 fnt","|faint|p2a: Honchkrow","|","|-weather|RainDance|[upkeep]","|callback|decision","|","|switch|p2a: Emo Bird|Staraptor, M, shiny|311/311","|turn|8","|callback|decision","|","|switch|p1a: Houdini|Alakazam, M, shiny|1/251","|move|p2a: Emo Bird|Close Combat|p1a: Houdini","|-resisted|p1a: Houdini","|-damage|p1a: Houdini|0 fnt","|-unboost|p2a: Emo Bird|def|1","|-unboost|p2a: Emo Bird|spd|1","|faint|p1a: Houdini","|","|-weather|RainDance|[upkeep]","|callback|decision","|","|switch|p1a: Mastodon|Donphan, M, shiny|322/322","|turn|9","|callback|decision","|","|switch|p2a: Skarmory|Skarmory, M|334/334","|move|p1a: Mastodon|Ice Shard|p2a: Skarmory","|-damage|p2a: Skarmory|306/334","|","|-weather|RainDance|[upkeep]","|-heal|p2a: Skarmory|326/334|[from] item: Leftovers","|turn|10","|callback|decision","|","|switch|p2a: Xatu|Xatu, M|334/334","|move|p1a: Mastodon|Stealth Rock|p2a: Xatu","|move|p2a: Xatu|Stealth Rock|p1a: Mastodon|[from]Magic Bounce","|-sidestart|p1: fapmaster22|move: Stealth Rock","|","|-weather|RainDance|[upkeep]","|turn|11","|callback|decision","|","|switch|p2a: Skarmory|Skarmory, M|326/334","|move|p1a: Mastodon|Rapid Spin|p2a: Skarmory","|-resisted|p2a: Skarmory","|-damage|p2a: Skarmory|318/334","|-sideend|p1: fapmaster22|Stealth Rock|[from] move: Rapid Spin|[of] p1a: Mastodon","|","|-weather|RainDance|[upkeep]","|-heal|p2a: Skarmory|334/334|[from] item: Leftovers","|turn|12","|callback|decision","|","|move|p1a: Mastodon|Ice Shard|p2a: Skarmory","|-damage|p2a: Skarmory|305/334","|move|p2a: Skarmory|Stealth Rock|p1a: Mastodon","|-sidestart|p1: fapmaster22|move: Stealth Rock","|","|-weather|RainDance|[upkeep]","|-heal|p2a: Skarmory|325/334|[from] item: Leftovers","|turn|13","|callback|decision","|","|move|p1a: Mastodon|Stealth Rock|p2a: Skarmory","|-sidestart|p2: †Gym TRNR Eremiel†|move: Stealth Rock","|move|p2a: Skarmory|Whirlwind|p1a: Mastodon","|drag|p1a: TreeBreeze|Abomasnow, M, shiny|322/322","|-damage|p1a: TreeBreeze|242/322|[from] Stealth Rock","|-weather|Hail|[from] ability: Snow Warning|[of] p1a: TreeBreeze","|","|-weather|Hail|[upkeep]","|-damage|p2a: Skarmory|305/334|[from] hail","|-heal|p2a: Skarmory|325/334|[from] item: Leftovers","|turn|14","|callback|decision","|","|move|p1a: TreeBreeze|Blizzard|p2a: Skarmory","|-damage|p2a: Skarmory|118/334","|move|p2a: Skarmory|Brave Bird|p1a: TreeBreeze","|-supereffective|p1a: TreeBreeze","|-damage|p1a: TreeBreeze|0 fnt","|-damage|p2a: Skarmory|38/334|[from] recoil|[of] p1a: TreeBreeze","|faint|p1a: TreeBreeze","|","|-weather|Hail|[upkeep]","|-damage|p2a: Skarmory|18/334|[from] hail","|-heal|p2a: Skarmory|38/334|[from] item: Leftovers","|callback|decision","|","|switch|p1a: Mastodon|Donphan, M, shiny|322/322","|-damage|p1a: Mastodon|302/322|[from] Stealth Rock","|turn|15","|callback|decision","|","|move|p1a: Mastodon|Ice Shard|p2a: Skarmory","|-damage|p2a: Skarmory|10/334","|move|p2a: Skarmory|Roost|p2a: Skarmory","|-heal|p2a: Skarmory|177/334","|","|-weather|Hail|[upkeep]","|-damage|p1a: Mastodon|282/322|[from] hail","|-damage|p2a: Skarmory|157/334|[from] hail","|-heal|p2a: Skarmory|177/334|[from] item: Leftovers","|turn|16","|callback|decision","|","|switch|p1a: Granny Pincher|Scizor, F, shiny|183/315","|-damage|p1a: Granny Pincher|144/315|[from] Stealth Rock","|move|p2a: Skarmory|Roost|p2a: Skarmory","|-heal|p2a: Skarmory|334/334","|","|-weather|Hail|[upkeep]","|-damage|p2a: Skarmory|314/334|[from] hail","|-damage|p1a: Granny Pincher|125/315|[from] hail","|-heal|p2a: Skarmory|334/334|[from] item: Leftovers","|turn|17","|callback|decision","|","|move|p1a: Granny Pincher|Brick Break|p2a: Skarmory","|-damage|p2a: Skarmory|277/334","|move|p2a: Skarmory|Whirlwind|p1a: Granny Pincher","|drag|p1a: Mastodon|Donphan, M, shiny|282/322","|-damage|p1a: Mastodon|262/322|[from] Stealth Rock","|","|-weather|Hail|[upkeep]","|-damage|p1a: Mastodon|242/322|[from] hail","|-damage|p2a: Skarmory|257/334|[from] hail","|-heal|p2a: Skarmory|277/334|[from] item: Leftovers","|turn|18","|callback|decision","|","|move|p1a: Mastodon|Rapid Spin|p2a: Skarmory","|-crit|p2a: Skarmory","|-resisted|p2a: Skarmory","|-damage|p2a: Skarmory|262/334","|-sideend|p1: fapmaster22|Stealth Rock|[from] move: Rapid Spin|[of] p1a: Mastodon","|move|p2a: Skarmory|Whirlwind|p1a: Mastodon","|drag|p1a: HellHound|Houndoom, M, shiny|291/291","|","|-weather|Hail|[upkeep]","|-damage|p1a: HellHound|273/291|[from] hail","|-damage|p2a: Skarmory|242/334|[from] hail","|-heal|p2a: Skarmory|262/334|[from] item: Leftovers","|turn|19","|callback|decision","|","|switch|p2a: Xatu|Xatu, M|334/334","|-damage|p2a: Xatu|251/334|[from] Stealth Rock","|move|p1a: HellHound|Heat Wave|p2a: Xatu","|-damage|p2a: Xatu|70/334","|","|-weather|Hail|[upkeep]","|-damage|p1a: HellHound|255/291|[from] hail","|-damage|p2a: Xatu|50/334|[from] hail","|-heal|p2a: Xatu|70/334|[from] item: Leftovers","|turn|20","|callback|decision","|","|move|p1a: HellHound|Dark Pulse|p2a: Xatu","|-supereffective|p2a: Xatu","|-damage|p2a: Xatu|0 fnt","|faint|p2a: Xatu","|","|-weather|Hail|[upkeep]","|-damage|p1a: HellHound|237/291|[from] hail","|callback|decision","|","|switch|p2a: Emo Bird|Staraptor, M, shiny|311/311","|-damage|p2a: Emo Bird|234/311|[from] Stealth Rock","|turn|21","|callback|decision","|","|move|p2a: Emo Bird|Double-Edge|p1a: HellHound","|-damage|p1a: HellHound|0 fnt","|-damage|p2a: Emo Bird|156/311|[from] recoil|[of] p1a: HellHound","|faint|p1a: HellHound","|","|-weather|Hail|[upkeep]","|-damage|p2a: Emo Bird|137/311|[from] hail","|callback|decision","|","|switch|p1a: Mastodon|Donphan, M, shiny|242/322","|turn|22","|callback|decision","|","|switch|p2a: Skarmory|Skarmory, M|262/334","|-damage|p2a: Skarmory|221/334|[from] Stealth Rock","|move|p1a: Mastodon|Ice Shard|p2a: Skarmory","|-damage|p2a: Skarmory|191/334","|","|-weather|Hail|[upkeep]","|-damage|p1a: Mastodon|222/322|[from] hail","|-damage|p2a: Skarmory|171/334|[from] hail","|-heal|p2a: Skarmory|191/334|[from] item: Leftovers","|turn|23","|callback|decision","|","|move|p1a: Mastodon|Ice Shard|p2a: Skarmory","|-damage|p2a: Skarmory|164/334","|move|p2a: Skarmory|Roost|p2a: Skarmory","|-heal|p2a: Skarmory|331/334","|","|-weather|Hail|[upkeep]","|-damage|p1a: Mastodon|202/322|[from] hail","|-damage|p2a: Skarmory|311/334|[from] hail","|-heal|p2a: Skarmory|331/334|[from] item: Leftovers","|turn|24","|callback|decision","|","|switch|p1a: Granny Pincher|Scizor, F, shiny|125/315","|move|p2a: Skarmory|Whirlwind|p1a: Granny Pincher","|drag|p1a: Mastodon|Donphan, M, shiny|202/322","|","|-weather|Hail|[upkeep]","|-damage|p1a: Mastodon|182/322|[from] hail","|-damage|p2a: Skarmory|311/334|[from] hail","|-heal|p2a: Skarmory|331/334|[from] item: Leftovers","|turn|25","|callback|decision","|","|move|p1a: Mastodon|Ice Shard|p2a: Skarmory","|-damage|p2a: Skarmory|300/334","|move|p2a: Skarmory|Stealth Rock|p1a: Mastodon","|-sidestart|p1: fapmaster22|move: Stealth Rock","|","|-weather|Hail|[upkeep]","|-damage|p1a: Mastodon|162/322|[from] hail","|-damage|p2a: Skarmory|280/334|[from] hail","|-heal|p2a: Skarmory|300/334|[from] item: Leftovers","|turn|26","|callback|decision","|","|move|p1a: Mastodon|Ice Shard|p2a: Skarmory","|-damage|p2a: Skarmory|271/334","|move|p2a: Skarmory|Whirlwind|p1a: Mastodon","|drag|p1a: Granny Pincher|Scizor, F, shiny|125/315","|-damage|p1a: Granny Pincher|86/315|[from] Stealth Rock","|","|-weather|Hail|[upkeep]","|-damage|p2a: Skarmory|251/334|[from] hail","|-damage|p1a: Granny Pincher|67/315|[from] hail","|-heal|p2a: Skarmory|271/334|[from] item: Leftovers","|turn|27","|callback|decision","|","|move|p2a: Skarmory|Brave Bird|p1a: Granny Pincher","|-damage|p1a: Granny Pincher|0 fnt","|-damage|p2a: Skarmory|249/334|[from] recoil|[of] p1a: Granny Pincher","|faint|p1a: Granny Pincher","|","|-weather|Hail|[upkeep]","|-damage|p2a: Skarmory|229/334|[from] hail","|-heal|p2a: Skarmory|249/334|[from] item: Leftovers","|callback|decision","|","|win|†Gym TRNR Eremiel†"],"p1rating":{"entryid":"1111123","serverid":"tervari","formatid":"ou","userid":"fapmaster22","username":"fapmaster22","w":"1","l":2,"t":"0","gxe":37.8,"r":"1500","rd":"350","sigma":"0.06","rptime":"1373760000","rpr":1356.0270788401,"rprd":226.08716580716,"rpsigma":0.059996904923341,"acre":1037.7161005177,"lacre":-3962.2838994823,"oldacre":1090.2279282982,"oldrdacre":1002.4443473675},"p2rating":{"entryid":1111344,"formatid":"ou","userid":"gymtrnreremiel","username":"†Gym TRNR Eremiel†","r":1500,"rd":350,"sigma":0.06,"rpr":1649.7222693402,"rprd":275.84973523742,"rpsigma":0.059998530628364,"gxe":62.2,"rptime":1373760000,"w":1,"l":0,"t":0,"acre":1261.3499405531,"lacre":-3738.6500594469,"oldacre":1007.0121159332,"oldrdacre":1156.7343852733},"endType":"forfeit"}