{"turns":31,"p1":"Sojano","p2":"Zyphirex","p1team":[{"name":"Cinccino","moves":["tailslap","wakeupslap","rockblast","uturn"],"ability":"Skill Link","evs":{"hp":85,"atk":85,"def":85,"spa":85,"spd":85,"spe":85},"ivs":{"hp":31,"atk":31,"def":31,"spa":31,"spd":31,"spe":31},"item":"Choice Band","level":82,"shiny":false},{"name":"Duosion","moves":["psychic","calmmind","recover","shadowball"],"ability":"Regenerator","evs":{"hp":85,"atk":85,"def":85,"spa":85,"spd":85,"spe":85},"ivs":{"hp":31,"atk":31,"def":31,"spa":31,"spd":31,"spe":31},"item":"Leftovers","level":90,"shiny":false},{"name":"NidoranF","moves":["poisonjab","honeclaws","toxicspikes","crunch"],"ability":"Hustle","evs":{"hp":85,"atk":85,"def":85,"spa":85,"spd":85,"spe":85},"ivs":{"hp":31,"atk":31,"def":31,"spa":31,"spd":31,"spe":31},"item":"Air Balloon","level":95,"shiny":false},{"name":"Slowbro","moves":["grassknot","trick","scald","icebeam"],"ability":"Regenerator","evs":{"hp":85,"atk":85,"def":85,"spa":85,"spd":85,"spe":85},"ivs":{"hp":31,"atk":31,"def":31,"spa":31,"spd":31,"spe":31},"item":"Choice Specs","level":78,"shiny":false},{"name":"Aerodactyl","moves":["aquatail","rockslide","stealthrock","firefang"],"ability":"Pressure","evs":{"hp":85,"atk":85,"def":85,"spa":85,"spd":85,"spe":85},"ivs":{"hp":31,"atk":31,"def":31,"spa":31,"spd":31,"spe":31},"item":"Leftovers","level":82,"shiny":false},{"name":"Venusaur","moves":["leechseed","earthquake","gigadrain","sludgebomb"],"ability":"Overgrow","evs":{"hp":85,"atk":85,"def":85,"spa":85,"spd":85,"spe":85},"ivs":{"hp":31,"atk":31,"def":31,"spa":31,"spd":31,"spe":31},"item":"Black Sludge","level":78,"shiny":false}],"p2team":[{"name":"Scraggy","moves":["hijumpkick","bulkup","icepunch","rest"],"ability":"Shed Skin","evs":{"hp":85,"atk":85,"def":85,"spa":85,"spd":85,"spe":85},"ivs":{"hp":31,"atk":31,"def":31,"spa":31,"spd":31,"spe":31},"item":"Focus Sash","level":95,"shiny":false},{"name":"Ninjask","moves":["batonpass","xscissor","protect","substitute"],"ability":"Speed Boost","evs":{"hp":85,"atk":85,"def":85,"spa":85,"spd":85,"spe":85},"ivs":{"hp":31,"atk":31,"def":31,"spa":31,"spd":31,"spe":31},"item":"Leftovers","level":86,"shiny":false},{"name":"Lucario","moves":["closecombat","vacuumwave","bulletpunch","darkpulse"],"ability":"Justified","evs":{"hp":85,"atk":85,"def":85,"spa":85,"spd":85,"spe":85},"ivs":{"hp":31,"atk":31,"def":31,"spa":31,"spd":31,"spe":31},"item":"Expert Belt","level":74,"shiny":false},{"name":"Xatu","moves":["wish","nightshade","toxic","psychic"],"ability":"Magic Bounce","evs":{"hp":85,"atk":85,"def":85,"spa":85,"spd":85,"spe":85},"ivs":{"hp":31,"atk":31,"def":31,"spa":31,"spd":31,"spe":31},"item":"Leftovers","level":78,"shiny":false},{"name":"Umbreon","moves":["wish","protect","payback","moonlight"],"ability":"Synchronize","evs":{"hp":85,"atk":85,"def":85,"spa":85,"spd":85,"spe":85},"ivs":{"hp":31,"atk":31,"def":31,"spa":31,"spd":31,"spe":31},"item":"Leftovers","level":78,"shiny":false},{"name":"Rhyperior","moves":["megahorn","earthquake","stoneedge","stealthrock"],"ability":"Solid Rock","evs":{"hp":85,"atk":85,"def":85,"spa":85,"spd":85,"spe":85},"ivs":{"hp":31,"atk":31,"def":31,"spa":31,"spd":31,"spe":31},"item":"Leftovers","level":78,"shiny":false}],"log":["|player|p1|Sojano|163","|player|p2|Zyphirex|266","|gametype|singles","|tier|Random Battle","|rated","|rule|Sleep Clause Mod: Limit one foe put to sleep","|rule|HP Percentage Mod: HP is reported as percentages","|","|start","|switch|p1a: Cinccino|Cinccino, L82, M|257/257","|switch|p2a: Scraggy|Scraggy, L95, F|249/249","|turn|1","|callback|decision","|","|move|p1a: Cinccino|Wake-Up Slap|p2a: Scraggy","|-supereffective|p2a: Scraggy","|-damage|p2a: Scraggy|131/249","|move|p2a: Scraggy|Hi Jump Kick|p1a: Cinccino","|-supereffective|p1a: Cinccino","|-damage|p1a: Cinccino|0 fnt","|faint|p1a: Cinccino","|","|callback|decision","|","|switch|p1a: NidoranF|NidoranF, L95, F|258/258","|-item|p1a: NidoranF|Air Balloon","|turn|2","|callback|decision","|","|move|p2a: Scraggy|Bulk Up|p2a: Scraggy","|-boost|p2a: Scraggy|atk|1","|-boost|p2a: Scraggy|def|1","|move|p1a: NidoranF|Toxic Spikes|p2a: Scraggy","|-sidestart|p2: Zyphirex|move: Toxic Spikes","|","|turn|3","|callback|decision","|","|move|p2a: Scraggy|Bulk Up|p2a: Scraggy","|-boost|p2a: Scraggy|atk|1","|-boost|p2a: Scraggy|def|1","|move|p1a: NidoranF|Toxic Spikes|p2a: Scraggy","|-sidestart|p2: Zyphirex|move: Toxic Spikes","|","|turn|4","|callback|decision","|","|move|p2a: Scraggy|Bulk Up|p2a: Scraggy","|-boost|p2a: Scraggy|atk|1","|-boost|p2a: Scraggy|def|1","|move|p1a: NidoranF|Poison Jab|p2a: Scraggy","|-damage|p2a: Scraggy|92/249","|-status|p2a: Scraggy|psn","|","|-activate|p2a: Scraggy|ability: Shed Skin","|-curestatus|p2a: Scraggy|psn","|turn|5","|callback|decision","|","|move|p2a: Scraggy|Rest|p2a: Scraggy","|-status|p2a: Scraggy|slp","|-heal|p2a: Scraggy|249/249 slp|[silent]","|-status|p2a: Scraggy|slp|[from] move: Rest","|move|p1a: NidoranF|Poison Jab|p2a: Scraggy|[miss]","|-miss|p1a: NidoranF|p2a: Scraggy","|","|turn|6","|callback|decision","|","|switch|p1a: Slowbro|Slowbro, L78, M|276/276","|cant|p2a: Scraggy|slp","|","|turn|7","|callback|decision","|","|cant|p2a: Scraggy|slp","|move|p1a: Slowbro|Scald|p2a: Scraggy","|-damage|p2a: Scraggy|135/249 slp","|","|turn|8","|callback|decision","|","|-curestatus|p2a: Scraggy|slp","|move|p2a: Scraggy|Hi Jump Kick|p1a: Slowbro","|-resisted|p1a: Slowbro","|-damage|p1a: Slowbro|107/276","|move|p1a: Slowbro|Scald|p2a: Scraggy","|-damage|p2a: Scraggy|23/249","|-status|p2a: Scraggy|brn","|","|-damage|p2a: Scraggy|0 fnt|[from] brn","|faint|p2a: Scraggy","|callback|decision","|","|switch|p2a: Umbreon|Umbreon, L78, M|276/276","|-status|p2a: Umbreon|tox","|turn|9","|callback|decision","|chat|Zyphirex|booo","|chat|Zyphirex|lol","|","|move|p2a: Umbreon|Payback|p1a: Slowbro","|-supereffective|p1a: Slowbro","|-damage|p1a: Slowbro|45/276","|move|p1a: Slowbro|Scald|p2a: Umbreon","|-damage|p2a: Umbreon|186/276 tox","|","|-heal|p2a: Umbreon|203/276 tox|[from] item: Leftovers","|-damage|p2a: Umbreon|186/276 tox|[from] psn","|turn|10","|callback|decision","|","|switch|p1a: NidoranF|NidoranF, L95, F|258/258","|-item|p1a: NidoranF|Air Balloon","|move|p2a: Umbreon|Payback|p1a: NidoranF","|-damage|p1a: NidoranF|213/258","|-enditem|p1a: NidoranF|Air Balloon","|","|-heal|p2a: Umbreon|203/276 tox|[from] item: Leftovers","|-damage|p2a: Umbreon|169/276 tox|[from] psn","|turn|11","|callback|decision","|","|move|p2a: Umbreon|Protect|p2a: Umbreon","|-singleturn|p2a: Umbreon|Protect","|move|p1a: NidoranF|Poison Jab|p2a: Umbreon","|-activate|p2a: Umbreon|Protect","|","|-heal|p2a: Umbreon|186/276 tox|[from] item: Leftovers","|-damage|p2a: Umbreon|135/276 tox|[from] psn","|turn|12","|callback|decision","|","|switch|p2a: Lucario|Lucario, L74, F|226/226","|move|p1a: NidoranF|Poison Jab|p2a: Lucario","|-immune|p2a: Lucario|[msg]","|","|turn|13","|callback|decision","|","|switch|p1a: Aerodactyl|Aerodactyl, L82, M|265/265","|-ability|p1a: Aerodactyl|Pressure","|move|p2a: Lucario|Bullet Punch|p1a: Aerodactyl","|-supereffective|p1a: Aerodactyl","|-damage|p1a: Aerodactyl|145/265","|","|-heal|p1a: Aerodactyl|161/265|[from] item: Leftovers","|turn|14","|callback|decision","|","|move|p2a: Lucario|Bullet Punch|p1a: Aerodactyl","|-supereffective|p1a: Aerodactyl","|-damage|p1a: Aerodactyl|45/265","|move|p1a: Aerodactyl|Fire Fang|p2a: Lucario","|-supereffective|p2a: Lucario","|-damage|p2a: Lucario|102/226","|","|-heal|p1a: Aerodactyl|61/265|[from] item: Leftovers","|turn|15","|callback|decision","|","|move|p2a: Lucario|Bullet Punch|p1a: Aerodactyl","|-crit|p1a: Aerodactyl","|-supereffective|p1a: Aerodactyl","|-damage|p1a: Aerodactyl|0 fnt","|faint|p1a: Aerodactyl","|","|callback|decision","|","|switch|p1a: Venusaur|Venusaur, L78, F|253/253","|turn|16","|callback|decision","|","|switch|p2a: Xatu|Xatu, L78, F|229/229","|move|p1a: Venusaur|Earthquake|p2a: Xatu","|-immune|p2a: Xatu|[msg]","|","|turn|17","|callback|decision","|","|move|p2a: Xatu|Psychic|p1a: Venusaur","|-supereffective|p1a: Venusaur","|-damage|p1a: Venusaur|95/253","|move|p1a: Venusaur|Leech Seed|p2a: Xatu","|move|p2a: Xatu|Leech Seed|p1a: Venusaur|[from]Magic Bounce","|-immune|p1a: Venusaur|[msg]","|","|-heal|p1a: Venusaur|110/253|[from] item: Black Sludge","|turn|18","|callback|decision","|chat|Zyphirex|heh","|","|switch|p1a: Duosion|Duosion, L90, M|263/263","|move|p2a: Xatu|Psychic|p1a: Duosion","|-resisted|p1a: Duosion","|-damage|p1a: Duosion|215/263","|","|-heal|p1a: Duosion|231/263|[from] item: Leftovers","|turn|19","|callback|decision","|","|switch|p2a: Lucario|Lucario, L74, F|102/226","|move|p1a: Duosion|Calm Mind|p1a: Duosion","|-boost|p1a: Duosion|spa|1","|-boost|p1a: Duosion|spd|1","|","|-heal|p1a: Duosion|247/263|[from] item: Leftovers","|turn|20","|callback|decision","|","|move|p2a: Lucario|Bullet Punch|p1a: Duosion","|-damage|p1a: Duosion|195/263","|move|p1a: Duosion|Psychic|p2a: Lucario","|-damage|p2a: Lucario|0 fnt","|faint|p2a: Lucario","|","|-heal|p1a: Duosion|211/263|[from] item: Leftovers","|callback|decision","|","|switch|p2a: Ninjask|Ninjask, L86, F|245/245","|turn|21","|callback|decision","|","|move|p2a: Ninjask|X-Scissor|p1a: Duosion","|-supereffective|p1a: Duosion","|-damage|p1a: Duosion|0 fnt","|faint|p1a: Duosion","|","|-boost|p2a: Ninjask|spe|1|[from] ability: Speed Boost","|callback|decision","|chat|Zyphirex|lol","|","|switch|p1a: NidoranF|NidoranF, L95, F|213/258","|turn|22","|callback|decision","|","|move|p2a: Ninjask|Substitute|p2a: Ninjask","|-start|p2a: Ninjask|Substitute","|-damage|p2a: Ninjask|184/245","|move|p1a: NidoranF|Poison Jab|p2a: Ninjask","|-end|p2a: Ninjask|Substitute","|","|-heal|p2a: Ninjask|199/245|[from] item: Leftovers","|-boost|p2a: Ninjask|spe|1|[from] ability: Speed Boost","|turn|23","|callback|decision","|","|move|p2a: Ninjask|Baton Pass|p2a: Ninjask","|callback|decision","|","|switch|p2a: Xatu|Xatu, L78, F|229/229","|move|p1a: NidoranF|Poison Jab|p2a: Xatu","|-damage|p2a: Xatu|97/229","|","|-heal|p2a: Xatu|111/229|[from] item: Leftovers","|turn|24","|callback|decision","|","|move|p2a: Xatu|Psychic|p1a: NidoranF","|-supereffective|p1a: NidoranF","|-damage|p1a: NidoranF|0 fnt","|faint|p1a: NidoranF","|","|-heal|p2a: Xatu|125/229|[from] item: Leftovers","|callback|decision","|","|switch|p1a: Slowbro|Slowbro, L78, M|137/276","|turn|25","|callback|decision","|","|move|p2a: Xatu|Toxic|p1a: Slowbro","|-status|p1a: Slowbro|tox","|move|p1a: Slowbro|Ice Beam|p2a: Xatu","|-supereffective|p2a: Xatu","|-damage|p2a: Xatu|0 fnt","|faint|p2a: Xatu","|","|-damage|p1a: Slowbro|120/276 tox|[from] psn","|callback|decision","|","|switch|p2a: Umbreon|Umbreon, L78, M|135/276 tox","|turn|26","|callback|decision","|","|move|p2a: Umbreon|Payback|p1a: Slowbro","|-supereffective|p1a: Slowbro","|-damage|p1a: Slowbro|58/276 tox","|move|p1a: Slowbro|Ice Beam|p2a: Umbreon","|-damage|p2a: Umbreon|60/276 tox","|","|-heal|p2a: Umbreon|77/276 tox|[from] item: Leftovers","|-damage|p2a: Umbreon|60/276 tox|[from] psn","|-damage|p1a: Slowbro|24/276 tox|[from] psn","|turn|27","|callback|decision","|","|switch|p1a: Venusaur|Venusaur, L78, F|110/253","|move|p2a: Umbreon|Wish|p2a: Umbreon","|","|-heal|p1a: Venusaur|125/253|[from] item: Black Sludge","|-heal|p2a: Umbreon|77/276 tox|[from] item: Leftovers","|-damage|p2a: Umbreon|43/276 tox|[from] psn","|turn|28","|callback|decision","|","|move|p1a: Venusaur|Giga Drain|p2a: Umbreon","|-damage|p2a: Umbreon|0 fnt","|-heal|p1a: Venusaur|147/253|[from] drain|[of] p2a: Umbreon","|faint|p2a: Umbreon","|","|-heal|p1a: Venusaur|162/253|[from] item: Black Sludge","|callback|decision","|","|switch|p2a: Ninjask|Ninjask, L86, F|199/245","|turn|29","|callback|decision","|","|move|p2a: Ninjask|X-Scissor|p1a: Venusaur","|-damage|p1a: Venusaur|68/253","|move|p1a: Venusaur|Sludge Bomb|p2a: Ninjask","|-damage|p2a: Ninjask|70/245","|","|-heal|p2a: Ninjask|85/245|[from] item: Leftovers","|-heal|p1a: Venusaur|83/253|[from] item: Black Sludge","|-boost|p2a: Ninjask|spe|1|[from] ability: Speed Boost","|turn|30","|callback|decision","|","|switch|p1a: Slowbro|Slowbro, L78, M|116/276 tox","|move|p2a: Ninjask|X-Scissor|p1a: Slowbro","|-supereffective|p1a: Slowbro","|-damage|p1a: Slowbro|0 fnt","|faint|p1a: Slowbro","|","|-heal|p2a: Ninjask|100/245|[from] item: Leftovers","|-boost|p2a: Ninjask|spe|1|[from] ability: Speed Boost","|callback|decision","|","|switch|p1a: Venusaur|Venusaur, L78, F|83/253","|turn|31","|callback|decision","|chat|Zyphirex|clutch ninjask","|chat|Zyphirex|:P","|chat|Sojano|dang","|","|move|p2a: Ninjask|X-Scissor|p1a: Venusaur","|-damage|p1a: Venusaur|0 fnt","|faint|p1a: Venusaur","|","|win|Zyphirex"],"endType":"normal","ladderError":true}