{"turns":30,"p1":"Zyphirex","p2":"matts3ds","p1team":[{"name":"Dragonite","moves":["extremespeed","waterfall","substitute","dragondance"],"ability":"Multiscale","evs":{"hp":85,"atk":85,"def":85,"spa":85,"spd":85,"spe":85},"ivs":{"hp":31,"atk":31,"def":31,"spa":31,"spd":31,"spe":31},"item":"Leftovers","level":74,"shiny":false},{"name":"Magikarp","moves":["hydropump","tackle","flail","bounce"],"ability":"Rattled","evs":{"hp":85,"atk":85,"def":85,"spa":85,"spd":85,"spe":85},"ivs":{"hp":31,"atk":31,"def":31,"spa":31,"spd":31,"spe":31},"item":"Focus Sash","level":99,"shiny":false},{"name":"Kyurem-Black","moves":["roost","outrage","fusionbolt","icebeam"],"ability":"Teravolt","evs":{"hp":85,"atk":85,"def":85,"spa":85,"spd":85,"spe":85},"ivs":{"hp":31,"atk":31,"def":31,"spa":31,"spd":31,"spe":31},"item":"Leftovers","level":74,"shiny":false},{"name":"Spheal","moves":["substitute","protect","toxic","icebeam"],"ability":"Thick Fat","evs":{"hp":85,"atk":85,"def":85,"spa":85,"spd":85,"spe":85},"ivs":{"hp":31,"atk":31,"def":31,"spa":31,"spd":31,"spe":31},"item":"Leftovers","level":95,"shiny":false},{"name":"Ferroseed","moves":["protect","stealthrock","thunderwave","gyroball"],"ability":"Iron Barbs","evs":{"hp":85,"atk":85,"def":85,"spa":85,"spd":85,"spe":0},"ivs":{"hp":31,"atk":31,"def":31,"spa":31,"spd":31,"spe":0},"item":"Leftovers","level":95,"shiny":false},{"name":"Infernape","moves":["grassknot","uturn","flareblitz","fireblast"],"ability":"Blaze","evs":{"hp":85,"atk":85,"def":85,"spa":85,"spd":85,"spe":85},"ivs":{"hp":31,"atk":31,"def":31,"spa":31,"spd":31,"spe":31},"item":"Expert Belt","level":74,"shiny":false}],"p2team":[{"name":"Clamperl","moves":["hiddenpowergrass","shellsmash","surf","icebeam"],"ability":"Rattled","evs":{"hp":85,"atk":85,"def":85,"spa":85,"spd":85,"spe":85},"ivs":{"hp":31,"atk":30,"def":31,"spa":30,"spd":31,"spe":31},"item":"DeepSeaTooth","level":95,"shiny":false},{"name":"Pachirisu","moves":["lightscreen","toxic","thunderwave","voltswitch"],"ability":"Volt Absorb","evs":{"hp":85,"atk":85,"def":85,"spa":85,"spd":85,"spe":85},"ivs":{"hp":31,"atk":31,"def":31,"spa":31,"spd":31,"spe":31},"item":"Light Clay","level":90,"shiny":false},{"name":"Garbodor","moves":["toxicspikes","spikes","gunkshot","clearsmog"],"ability":"Aftermath","evs":{"hp":85,"atk":85,"def":85,"spa":85,"spd":85,"spe":85},"ivs":{"hp":31,"atk":31,"def":31,"spa":31,"spd":31,"spe":31},"item":"Air Balloon","level":86,"shiny":false},{"name":"Probopass","moves":["powergem","toxic","earthpower","stealthrock"],"ability":"Magnet Pull","evs":{"hp":85,"atk":85,"def":85,"spa":85,"spd":85,"spe":85},"ivs":{"hp":31,"atk":31,"def":31,"spa":31,"spd":31,"spe":31},"item":"Air Balloon","level":86,"shiny":false},{"name":"Porygon2","moves":["thunderwave","trick","triattack","recover"],"ability":"Download","evs":{"hp":85,"atk":85,"def":85,"spa":85,"spd":85,"spe":85},"ivs":{"hp":31,"atk":31,"def":31,"spa":31,"spd":31,"spe":31},"item":"Choice Scarf","level":82,"shiny":false},{"name":"Cobalion","moves":["swordsdance","substitute","stoneedge","ironhead"],"ability":"Justified","evs":{"hp":85,"atk":85,"def":85,"spa":85,"spd":85,"spe":85},"ivs":{"hp":31,"atk":31,"def":31,"spa":31,"spd":31,"spe":31},"item":"Leftovers","level":78,"shiny":false}],"log":["|player|p1|Zyphirex|266","|player|p2|matts3ds|209","|gametype|singles","|tier|Random Battle","|rated","|rule|Sleep Clause Mod: Limit one foe put to sleep","|rule|HP Percentage Mod: HP is reported as percentages","|","|start","|switch|p1a: Dragonite|Dragonite, L74, F|257/257","|switch|p2a: Clamperl|Clamperl, L95, F|220/220","|turn|1","|callback|decision","|chat|matts3ds|gl ","|","|move|p1a: Dragonite|Substitute|p1a: Dragonite","|-start|p1a: Dragonite|Substitute","|-damage|p1a: Dragonite|193/257","|move|p2a: Clamperl|Ice Beam|p1a: Dragonite","|-supereffective|p1a: Dragonite","|-end|p1a: Dragonite|Substitute","|","|-heal|p1a: Dragonite|209/257|[from] item: Leftovers","|turn|2","|callback|decision","|","|switch|p1a: Kyurem-Black|Kyurem-Black, L74|307/307","|-ability|p1a: Kyurem-Black|Teravolt","|move|p2a: Clamperl|Ice Beam|p1a: Kyurem-Black","|-damage|p1a: Kyurem-Black|154/307","|","|-heal|p1a: Kyurem-Black|173/307|[from] item: Leftovers","|turn|3","|callback|decision","|","|move|p1a: Kyurem-Black|Fusion Bolt|p2a: Clamperl","|-supereffective|p2a: Clamperl","|-damage|p2a: Clamperl|74/220","|move|p2a: Clamperl|Ice Beam|p1a: Kyurem-Black","|-damage|p1a: Kyurem-Black|30/307","|","|-heal|p1a: Kyurem-Black|49/307|[from] item: Leftovers","|turn|4","|callback|decision","|","|move|p1a: Kyurem-Black|Fusion Bolt|p2a: Clamperl","|-supereffective|p2a: Clamperl","|-damage|p2a: Clamperl|0 fnt","|faint|p2a: Clamperl","|","|-heal|p1a: Kyurem-Black|68/307|[from] item: Leftovers","|callback|decision","|","|switch|p2a: Porygon2|Porygon2, L82|274/274","|-boost|p2a: Porygon2|spa|1|[from] ability: Download","|turn|5","|callback|decision","|","|move|p2a: Porygon2|Tri Attack|p1a: Kyurem-Black","|-damage|p1a: Kyurem-Black|0 fnt","|faint|p1a: Kyurem-Black","|","|callback|decision","|","|switch|p1a: Infernape|Infernape, L74, F|234/234","|turn|6","|callback|decision","|","|move|p2a: Porygon2|Tri Attack|p1a: Infernape","|-damage|p1a: Infernape|54/234","|move|p1a: Infernape|Flare Blitz|p2a: Porygon2","|-damage|p2a: Porygon2|108/274","|-damage|p1a: Infernape|0 fnt|[from] recoil|[of] p2a: Porygon2","|faint|p1a: Infernape","|","|callback|decision","|","|switch|p1a: Ferroseed|Ferroseed, L95, M|238/238","|turn|7","|callback|decision","|","|move|p2a: Porygon2|Tri Attack|p1a: Ferroseed","|-resisted|p1a: Ferroseed","|-damage|p1a: Ferroseed|176/238","|move|p1a: Ferroseed|Gyro Ball|p2a: Porygon2","|-damage|p2a: Porygon2|0 fnt","|faint|p2a: Porygon2","|","|-heal|p1a: Ferroseed|190/238|[from] item: Leftovers","|callback|decision","|","|switch|p2a: Cobalion|Cobalion, L78|270/270","|turn|8","|callback|decision","|","|move|p2a: Cobalion|Stone Edge|p1a: Ferroseed|[miss]","|-miss|p2a: Cobalion|p1a: Ferroseed","|move|p1a: Ferroseed|Thunder Wave|p2a: Cobalion","|-status|p2a: Cobalion|par","|","|-heal|p1a: Ferroseed|204/238|[from] item: Leftovers","|turn|9","|callback|decision","|","|move|p2a: Cobalion|Stone Edge|p1a: Ferroseed","|-resisted|p1a: Ferroseed","|-damage|p1a: Ferroseed|179/238","|move|p1a: Ferroseed|Stealth Rock|p2a: Cobalion","|-sidestart|p2: matts3ds|move: Stealth Rock","|","|-heal|p1a: Ferroseed|193/238|[from] item: Leftovers","|turn|10","|callback|decision","|","|switch|p1a: Magikarp|Magikarp, L99, M|200/200","|move|p2a: Cobalion|Swords Dance|p2a: Cobalion","|-boost|p2a: Cobalion|atk|2","|","|turn|11","|callback|decision","|","|move|p1a: Magikarp|Hydro Pump|p2a: Cobalion|[miss]","|-miss|p1a: Magikarp|p2a: Cobalion","|move|p2a: Cobalion|Iron Head|p1a: Magikarp","|-resisted|p1a: Magikarp","|-damage|p1a: Magikarp|116/200","|","|turn|12","|callback|decision","|","|move|p1a: Magikarp|Hydro Pump|p2a: Cobalion","|-damage|p2a: Cobalion|200/270 par","|move|p2a: Cobalion|Stone Edge|p1a: Magikarp","|-damage|p1a: Magikarp|0 fnt","|faint|p1a: Magikarp","|","|-heal|p2a: Cobalion|216/270 par|[from] item: Leftovers","|callback|decision","|","|switch|p1a: Dragonite|Dragonite, L74, F|209/257","|turn|13","|callback|decision","|","|move|p1a: Dragonite|Substitute|p1a: Dragonite","|-start|p1a: Dragonite|Substitute","|-damage|p1a: Dragonite|145/257","|cant|p2a: Cobalion|par","|","|-heal|p1a: Dragonite|161/257|[from] item: Leftovers","|-heal|p2a: Cobalion|232/270 par|[from] item: Leftovers","|turn|14","|callback|decision","|","|move|p1a: Dragonite|Dragon Dance|p1a: Dragonite","|-boost|p1a: Dragonite|atk|1","|-boost|p1a: Dragonite|spe|1","|cant|p2a: Cobalion|par","|","|-heal|p1a: Dragonite|177/257|[from] item: Leftovers","|-heal|p2a: Cobalion|248/270 par|[from] item: Leftovers","|turn|15","|callback|decision","|","|move|p1a: Dragonite|Dragon Dance|p1a: Dragonite","|-boost|p1a: Dragonite|atk|1","|-boost|p1a: Dragonite|spe|1","|move|p2a: Cobalion|Iron Head|p1a: Dragonite","|-end|p1a: Dragonite|Substitute","|","|-heal|p1a: Dragonite|193/257|[from] item: Leftovers","|-heal|p2a: Cobalion|264/270 par|[from] item: Leftovers","|turn|16","|callback|decision","|","|move|p1a: Dragonite|Substitute|p1a: Dragonite","|-start|p1a: Dragonite|Substitute","|-damage|p1a: Dragonite|129/257","|move|p2a: Cobalion|Stone Edge|p1a: Dragonite","|-supereffective|p1a: Dragonite","|-end|p1a: Dragonite|Substitute","|","|-heal|p1a: Dragonite|145/257|[from] item: Leftovers","|-heal|p2a: Cobalion|270/270 par|[from] item: Leftovers","|turn|17","|callback|decision","|","|move|p1a: Dragonite|Substitute|p1a: Dragonite","|-start|p1a: Dragonite|Substitute","|-damage|p1a: Dragonite|81/257","|move|p2a: Cobalion|Stone Edge|p1a: Dragonite","|-supereffective|p1a: Dragonite","|-end|p1a: Dragonite|Substitute","|","|-heal|p1a: Dragonite|97/257|[from] item: Leftovers","|turn|18","|callback|decision","|","|move|p1a: Dragonite|Waterfall|p2a: Cobalion","|-damage|p2a: Cobalion|183/270 par","|cant|p2a: Cobalion|flinch","|","|-heal|p1a: Dragonite|113/257|[from] item: Leftovers","|-heal|p2a: Cobalion|199/270 par|[from] item: Leftovers","|turn|19","|callback|decision","|","|move|p1a: Dragonite|Substitute|p1a: Dragonite","|-start|p1a: Dragonite|Substitute","|-damage|p1a: Dragonite|49/257","|move|p2a: Cobalion|Stone Edge|p1a: Dragonite","|-supereffective|p1a: Dragonite","|-end|p1a: Dragonite|Substitute","|","|-heal|p1a: Dragonite|65/257|[from] item: Leftovers","|-heal|p2a: Cobalion|215/270 par|[from] item: Leftovers","|turn|20","|callback|decision","|","|move|p1a: Dragonite|Substitute|p1a: Dragonite","|-start|p1a: Dragonite|Substitute","|-damage|p1a: Dragonite|1/257","|move|p2a: Cobalion|Stone Edge|p1a: Dragonite","|-supereffective|p1a: Dragonite","|-end|p1a: Dragonite|Substitute","|","|-heal|p1a: Dragonite|17/257|[from] item: Leftovers","|-heal|p2a: Cobalion|231/270 par|[from] item: Leftovers","|turn|21","|callback|decision","|","|move|p1a: Dragonite|Waterfall|p2a: Cobalion","|-damage|p2a: Cobalion|134/270 par","|cant|p2a: Cobalion|flinch","|","|-heal|p1a: Dragonite|33/257|[from] item: Leftovers","|-heal|p2a: Cobalion|150/270 par|[from] item: Leftovers","|turn|22","|callback|decision","|","|move|p1a: Dragonite|Waterfall|p2a: Cobalion","|-damage|p2a: Cobalion|51/270 par","|move|p2a: Cobalion|Stone Edge|p1a: Dragonite","|-supereffective|p1a: Dragonite","|-damage|p1a: Dragonite|0 fnt","|faint|p1a: Dragonite","|","|-heal|p2a: Cobalion|67/270 par|[from] item: Leftovers","|callback|decision","|chat|Zyphirex|oo","|","|switch|p1a: Spheal|Spheal, L95, F|287/287","|turn|23","|callback|decision","|chat|matts3ds|yes he is dead ","|","|move|p1a: Spheal|Ice Beam|p2a: Cobalion","|-resisted|p2a: Cobalion","|-damage|p2a: Cobalion|14/270 par","|move|p2a: Cobalion|Iron Head|p1a: Spheal","|-damage|p1a: Spheal|100/287","|","|-heal|p1a: Spheal|117/287|[from] item: Leftovers","|-heal|p2a: Cobalion|30/270 par|[from] item: Leftovers","|turn|24","|callback|decision","|","|move|p1a: Spheal|Ice Beam|p2a: Cobalion","|-resisted|p2a: Cobalion","|-damage|p2a: Cobalion|0 fnt","|faint|p2a: Cobalion","|","|-heal|p1a: Spheal|134/287|[from] item: Leftovers","|callback|decision","|","|switch|p2a: Pachirisu|Pachirisu, L90, M|254/254","|-damage|p2a: Pachirisu|223/254|[from] Stealth Rock","|turn|25","|callback|decision","|","|move|p2a: Pachirisu|Volt Switch|p1a: Spheal","|-supereffective|p1a: Spheal","|-damage|p1a: Spheal|0 fnt","|faint|p1a: Spheal","|callback|decision","|","|switch|p2a: Probopass|Probopass, L86, M|243/243","|-damage|p2a: Probopass|228/243|[from] Stealth Rock","|-item|p2a: Probopass|Air Balloon","|","|callback|decision","|chat|Zyphirex|lol","|chat|Zyphirex|gg","|chat|Zyphirex|:p","|","|switch|p1a: Ferroseed|Ferroseed, L95, M|193/238","|turn|26","|callback|decision","|","|move|p2a: Probopass|Earth Power|p1a: Ferroseed","|-damage|p1a: Ferroseed|138/238","|move|p1a: Ferroseed|Thunder Wave|p2a: Probopass","|-status|p2a: Probopass|par","|","|-heal|p1a: Ferroseed|152/238|[from] item: Leftovers","|turn|27","|callback|decision","|","|cant|p2a: Probopass|par","|move|p1a: Ferroseed|Gyro Ball|p2a: Probopass","|-damage|p2a: Probopass|212/243 par","|-enditem|p2a: Probopass|Air Balloon","|","|-heal|p1a: Ferroseed|166/238|[from] item: Leftovers","|turn|28","|callback|decision","|","|move|p2a: Probopass|Power Gem|p1a: Ferroseed","|-resisted|p1a: Ferroseed","|-damage|p1a: Ferroseed|139/238","|move|p1a: Ferroseed|Gyro Ball|p2a: Probopass","|-crit|p2a: Probopass","|-damage|p2a: Probopass|175/243 par","|","|-heal|p1a: Ferroseed|153/238|[from] item: Leftovers","|turn|29","|callback|decision","|","|move|p2a: Probopass|Earth Power|p1a: Ferroseed","|-crit|p1a: Ferroseed","|-damage|p1a: Ferroseed|54/238","|move|p1a: Ferroseed|Gyro Ball|p2a: Probopass","|-damage|p2a: Probopass|159/243 par","|","|-heal|p1a: Ferroseed|68/238|[from] item: Leftovers","|turn|30","|callback|decision","|","|move|p2a: Probopass|Earth Power|p1a: Ferroseed","|-crit|p1a: Ferroseed","|-damage|p1a: Ferroseed|0 fnt","|faint|p1a: Ferroseed","|","|win|matts3ds"],"endType":"normal","ladderError":true}