{"turns":44,"p1":"Zyphirex2","p2":"CWegz","p1team":[{"name":"Mime Jr.","moves":["substitute","healingwish","encore","psychic"],"ability":"Filter","evs":{"hp":85,"atk":85,"def":85,"spa":85,"spd":85,"spe":85},"ivs":{"hp":31,"atk":31,"def":31,"spa":31,"spd":31,"spe":31},"item":"Leftovers","level":95,"shiny":false},{"name":"Klang","moves":["geargrind","return","shiftgear","wildcharge"],"ability":"Clear Body","evs":{"hp":85,"atk":85,"def":85,"spa":85,"spd":85,"spe":85},"ivs":{"hp":31,"atk":31,"def":31,"spa":31,"spd":31,"spe":31},"item":"Life Orb","level":90,"shiny":false},{"name":"Carvanha","moves":["hydropump","crunch","aquajet","protect"],"ability":"Speed Boost","evs":{"hp":85,"atk":85,"def":85,"spa":85,"spd":85,"spe":85},"ivs":{"hp":31,"atk":31,"def":31,"spa":31,"spd":31,"spe":31},"item":"Leftovers","level":90,"shiny":false},{"name":"Scizor","moves":["pursuit","bulletpunch","uturn","superpower"],"ability":"Technician","evs":{"hp":85,"atk":85,"def":85,"spa":85,"spd":85,"spe":85},"ivs":{"hp":31,"atk":31,"def":31,"spa":31,"spd":31,"spe":31},"item":"Expert Belt","level":74,"shiny":false},{"name":"Meloetta","moves":["calmmind","psychic","hypervoice","thunderbolt"],"ability":"Serene Grace","evs":{"hp":85,"atk":85,"def":85,"spa":85,"spd":85,"spe":85},"ivs":{"hp":31,"atk":31,"def":31,"spa":31,"spd":31,"spe":31},"item":"Leftovers","level":78,"shiny":false},{"name":"Amoonguss","moves":["spore","clearsmog","gigadrain","synthesis"],"ability":"Regenerator","evs":{"hp":85,"atk":85,"def":85,"spa":85,"spd":85,"spe":85},"ivs":{"hp":31,"atk":31,"def":31,"spa":31,"spd":31,"spe":31},"item":"Black Sludge","level":82,"shiny":false}],"p2team":[{"name":"Togepi","moves":["fireblast","toxic","thunderwave","protect"],"ability":"Serene Grace","evs":{"hp":85,"atk":85,"def":85,"spa":85,"spd":85,"spe":85},"ivs":{"hp":31,"atk":31,"def":31,"spa":31,"spd":31,"spe":31},"item":"Leftovers","level":95,"shiny":false},{"name":"Butterfree","moves":["substitute","sleeppowder","quiverdance","bugbuzz"],"ability":"Compoundeyes","evs":{"hp":85,"atk":85,"def":85,"spa":85,"spd":85,"spe":85},"ivs":{"hp":31,"atk":31,"def":31,"spa":31,"spd":31,"spe":31},"item":"Leftovers","level":86,"shiny":false},{"name":"Sableye","moves":["trick","toxic","taunt","nightshade"],"ability":"Prankster","evs":{"hp":85,"atk":85,"def":85,"spa":85,"spd":85,"spe":85},"ivs":{"hp":31,"atk":31,"def":31,"spa":31,"spd":31,"spe":31},"item":"Choice Scarf","level":78,"shiny":false},{"name":"Colossoil","moves":["uturn","suckerpunch","crunch","pursuit"],"ability":"Rebound","evs":{"hp":85,"atk":85,"def":85,"spa":85,"spd":85,"spe":85},"ivs":{"hp":31,"atk":31,"def":31,"spa":31,"spd":31,"spe":31},"item":"Leftovers","level":74,"shiny":false},{"name":"Kyurem-White","moves":["fusionflare","earthpower","dracometeor","focusblast"],"ability":"Turboblaze","evs":{"hp":85,"atk":85,"def":85,"spa":85,"spd":85,"spe":85},"ivs":{"hp":31,"atk":31,"def":31,"spa":31,"spd":31,"spe":31},"item":"Expert Belt","level":70,"shiny":false},{"name":"Vaporeon","moves":["protect","scald","wish","toxic"],"ability":"Water Absorb","evs":{"hp":85,"atk":85,"def":85,"spa":85,"spd":85,"spe":85},"ivs":{"hp":31,"atk":31,"def":31,"spa":31,"spd":31,"spe":31},"item":"Leftovers","level":74,"shiny":false}],"log":["|player|p1|Zyphirex2|290","|player|p2|CWegz|170","|gametype|singles","|tier|Random Battle","|rated","|rule|Sleep Clause Mod: Limit one foe put to sleep","|rule|HP Percentage Mod: HP is reported as percentages","|","|start","|switch|p1a: Mime Jr.|Mime Jr., L95, M|192/192","|switch|p2a: Togepi|Togepi, L95, F|220/220","|turn|1","|callback|decision","|","|move|p1a: Mime Jr.|Substitute|p1a: Mime Jr.","|-start|p1a: Mime Jr.|Substitute","|-damage|p1a: Mime Jr.|144/192","|move|p2a: Togepi|Toxic|p1a: Mime Jr.","|","|-heal|p1a: Mime Jr.|156/192|[from] item: Leftovers","|turn|2","|callback|decision","|","|switch|p2a: Butterfree|Butterfree, L86, M|243/243","|move|p1a: Mime Jr.|Encore|p2a: Butterfree","|-fail|p2a: Butterfree","|","|-heal|p1a: Mime Jr.|168/192|[from] item: Leftovers","|turn|3","|callback|decision","|","|move|p2a: Butterfree|Bug Buzz|p1a: Mime Jr.","|-supereffective|p1a: Mime Jr.","|-end|p1a: Mime Jr.|Substitute","|move|p1a: Mime Jr.|Psychic|p2a: Butterfree","|-damage|p2a: Butterfree|146/243","|","|-heal|p2a: Butterfree|161/243|[from] item: Leftovers","|-heal|p1a: Mime Jr.|180/192|[from] item: Leftovers","|turn|4","|callback|decision","|","|move|p2a: Butterfree|Sleep Powder|p1a: Mime Jr.","|-status|p1a: Mime Jr.|slp","|cant|p1a: Mime Jr.|slp","|","|-heal|p2a: Butterfree|176/243|[from] item: Leftovers","|-heal|p1a: Mime Jr.|192/192 slp|[from] item: Leftovers","|turn|5","|callback|decision","|","|switch|p1a: Scizor|Scizor, L74, M|226/226","|move|p2a: Butterfree|Substitute|p2a: Butterfree","|-start|p2a: Butterfree|Substitute","|-damage|p2a: Butterfree|116/243","|","|-heal|p2a: Butterfree|131/243|[from] item: Leftovers","|turn|6","|callback|decision","|chat|Zyphirex2|haxmons scizor","|chat|Zyphirex2|:p","|chat|Zyphirex2|o.O","|player|p2","|chat|Zyphirex2|?","|player|p2|CWegz|170","|callback|decision","|chat|CWegz|sorry i always disconnect on this server for some reason","|","|move|p1a: Scizor|Bullet Punch|p2a: Butterfree","|-end|p2a: Butterfree|Substitute","|move|p2a: Butterfree|Bug Buzz|p1a: Scizor","|-resisted|p1a: Scizor","|-damage|p1a: Scizor|177/226","|-unboost|p1a: Scizor|spd|1","|","|-heal|p2a: Butterfree|146/243|[from] item: Leftovers","|turn|7","|callback|decision","|chat|Zyphirex2|server might be a bit flaky","|chat|Zyphirex2|i've been having similar problems","|","|switch|p2a: Vaporeon|Vaporeon, L74, M|314/314","|move|p1a: Scizor|Bullet Punch|p2a: Vaporeon","|-resisted|p2a: Vaporeon","|-damage|p2a: Vaporeon|268/314","|","|-heal|p2a: Vaporeon|287/314|[from] item: Leftovers","|turn|8","|callback|decision","|","|move|p1a: Scizor|U-turn|p2a: Vaporeon","|-damage|p2a: Vaporeon|170/314","|callback|decision","|","|switch|p1a: Amoonguss|Amoonguss, L82, M|321/321","|move|p2a: Vaporeon|Scald|p1a: Amoonguss","|-resisted|p1a: Amoonguss","|-damage|p1a: Amoonguss|282/321","|-status|p1a: Amoonguss|brn","|","|-heal|p2a: Vaporeon|189/314|[from] item: Leftovers","|-heal|p1a: Amoonguss|302/321 brn|[from] item: Black Sludge","|-damage|p1a: Amoonguss|262/321 brn|[from] brn","|turn|9","|callback|decision","|","|move|p2a: Vaporeon|Protect|p2a: Vaporeon","|-singleturn|p2a: Vaporeon|Protect","|move|p1a: Amoonguss|Spore|p2a: Vaporeon","|-activate|p2a: Vaporeon|Protect","|","|-heal|p2a: Vaporeon|208/314|[from] item: Leftovers","|-heal|p1a: Amoonguss|282/321 brn|[from] item: Black Sludge","|-damage|p1a: Amoonguss|242/321 brn|[from] brn","|turn|10","|callback|decision","|","|move|p2a: Vaporeon|Wish|p2a: Vaporeon","|move|p1a: Amoonguss|Spore|p2a: Vaporeon","|-status|p2a: Vaporeon|slp","|","|-heal|p2a: Vaporeon|227/314 slp|[from] item: Leftovers","|-heal|p1a: Amoonguss|262/321 brn|[from] item: Black Sludge","|-damage|p1a: Amoonguss|222/321 brn|[from] brn","|turn|11","|callback|decision","|","|switch|p2a: Butterfree|Butterfree, L86, M|146/243","|move|p1a: Amoonguss|Giga Drain|p2a: Butterfree","|-resisted|p2a: Butterfree","|-damage|p2a: Butterfree|128/243","|-heal|p1a: Amoonguss|231/321 brn|[from] drain|[of] p2a: Butterfree","|","|-heal|p2a: Butterfree|243/243|[from] move: Wish|[wisher] Vaporeon","|-heal|p1a: Amoonguss|251/321 brn|[from] item: Black Sludge","|-damage|p1a: Amoonguss|211/321 brn|[from] brn","|turn|12","|callback|decision","|","|move|p2a: Butterfree|Substitute|p2a: Butterfree","|-start|p2a: Butterfree|Substitute","|-damage|p2a: Butterfree|183/243","|move|p1a: Amoonguss|Clear Smog|p2a: Butterfree","|-activate|p2a: Butterfree|Substitute|[damage]","|","|-heal|p2a: Butterfree|198/243|[from] item: Leftovers","|-heal|p1a: Amoonguss|231/321 brn|[from] item: Black Sludge","|-damage|p1a: Amoonguss|191/321 brn|[from] brn","|turn|13","|callback|decision","|","|switch|p1a: Scizor|Scizor, L74, M|177/226","|move|p2a: Butterfree|Quiver Dance|p2a: Butterfree","|-boost|p2a: Butterfree|spa|1","|-boost|p2a: Butterfree|spd|1","|-boost|p2a: Butterfree|spe|1","|","|-heal|p2a: Butterfree|213/243|[from] item: Leftovers","|turn|14","|callback|decision","|player|p2","|player|p2|CWegz|170","|callback|decision","|chat|CWegz|sorry again","|","|move|p1a: Scizor|Bullet Punch|p2a: Butterfree","|-end|p2a: Butterfree|Substitute","|move|p2a: Butterfree|Bug Buzz|p1a: Scizor","|-resisted|p1a: Scizor","|-damage|p1a: Scizor|96/226","|","|-heal|p2a: Butterfree|228/243|[from] item: Leftovers","|turn|15","|callback|decision","|","|switch|p2a: Sableye|Sableye, L78, F|206/206","|move|p1a: Scizor|Bullet Punch|p2a: Sableye","|-damage|p2a: Sableye|133/206","|","|turn|16","|callback|decision","|","|switch|p1a: Amoonguss|Amoonguss, L82, M|298/321 brn","|move|p2a: Sableye|Trick|p1a: Amoonguss","|-activate|p2a: Sableye|move: Trick|[of] p1a: Amoonguss","|-item|p1a: Amoonguss|Choice Scarf|[from] move: Trick","|-item|p2a: Sableye|Black Sludge|[from] move: Trick","|","|-damage|p2a: Sableye|108/206|[from] item: Black Sludge","|-damage|p1a: Amoonguss|258/321 brn|[from] brn","|turn|17","|callback|decision","|","|switch|p1a: Scizor|Scizor, L74, M|96/226","|move|p2a: Sableye|Night Shade|p1a: Scizor","|-damage|p1a: Scizor|18/226","|","|-damage|p2a: Sableye|83/206|[from] item: Black Sludge","|turn|18","|callback|decision","|","|move|p1a: Scizor|Bullet Punch|p2a: Sableye","|-damage|p2a: Sableye|1/206","|move|p2a: Sableye|Trick|p1a: Scizor","|-activate|p2a: Sableye|move: Trick|[of] p1a: Scizor","|-item|p1a: Scizor|Black Sludge|[from] move: Trick","|-item|p2a: Sableye|Expert Belt|[from] move: Trick","|","|-damage|p1a: Scizor|0 fnt|[from] item: Black Sludge","|faint|p1a: Scizor","|callback|decision","|","|switch|p1a: Carvanha|Carvanha, L90, M|227/227","|turn|19","|callback|decision","|","|move|p1a: Carvanha|Protect|p1a: Carvanha","|-singleturn|p1a: Carvanha|Protect","|move|p2a: Sableye|Toxic|p1a: Carvanha","|-activate|p1a: Carvanha|Protect","|","|-boost|p1a: Carvanha|spe|1|[from] ability: Speed Boost","|turn|20","|callback|decision","|","|move|p1a: Carvanha|Aqua Jet|p2a: Sableye","|-damage|p2a: Sableye|0 fnt","|faint|p2a: Sableye","|","|-boost|p1a: Carvanha|spe|1|[from] ability: Speed Boost","|callback|decision","|","|switch|p2a: Togepi|Togepi, L95, F|220/220","|turn|21","|callback|decision","|","|move|p1a: Carvanha|Hydro Pump|p2a: Togepi","|-damage|p2a: Togepi|106/220","|move|p2a: Togepi|Toxic|p1a: Carvanha","|-status|p1a: Carvanha|tox","|","|-heal|p2a: Togepi|119/220|[from] item: Leftovers","|-damage|p1a: Carvanha|213/227 tox|[from] psn","|-boost|p1a: Carvanha|spe|1|[from] ability: Speed Boost","|turn|22","|callback|decision","|player|p2","|player|p2|CWegz|170","|callback|decision","|chat|CWegz|ugh sorry again","|","|move|p2a: Togepi|Protect|p2a: Togepi","|-singleturn|p2a: Togepi|Protect","|move|p1a: Carvanha|Crunch|p2a: Togepi","|-activate|p2a: Togepi|Protect","|","|-heal|p1a: Carvanha|227/227 tox|[from] item: Leftovers","|-heal|p2a: Togepi|132/220|[from] item: Leftovers","|-damage|p1a: Carvanha|199/227 tox|[from] psn","|-boost|p1a: Carvanha|spe|1|[from] ability: Speed Boost","|turn|23","|callback|decision","|chat|Zyphirex2|is ok","|","|move|p1a: Carvanha|Crunch|p2a: Togepi","|-crit|p2a: Togepi","|-damage|p2a: Togepi|0 fnt","|faint|p2a: Togepi","|","|-heal|p1a: Carvanha|213/227 tox|[from] item: Leftovers","|-damage|p1a: Carvanha|171/227 tox|[from] psn","|-boost|p1a: Carvanha|spe|1|[from] ability: Speed Boost","|callback|decision","|","|switch|p2a: Vaporeon|Vaporeon, L74, M|227/314 slp","|turn|24","|callback|decision","|","|cant|p2a: Vaporeon|slp","|move|p1a: Carvanha|Crunch|p2a: Vaporeon","|-damage|p2a: Vaporeon|83/314 slp","|","|-heal|p1a: Carvanha|185/227 tox|[from] item: Leftovers","|-heal|p2a: Vaporeon|102/314 slp|[from] item: Leftovers","|-damage|p1a: Carvanha|129/227 tox|[from] psn","|-boost|p1a: Carvanha|spe|1|[from] ability: Speed Boost","|turn|25","|callback|decision","|","|switch|p2a: Colossoil|Colossoil, L74, F|319/319","|move|p1a: Carvanha|Crunch|p2a: Colossoil","|-resisted|p2a: Colossoil","|-damage|p2a: Colossoil|259/319","|","|-heal|p1a: Carvanha|143/227 tox|[from] item: Leftovers","|-heal|p2a: Colossoil|278/319|[from] item: Leftovers","|-damage|p1a: Carvanha|73/227 tox|[from] psn","|turn|26","|callback|decision","|chat|Zyphirex2|hmm","|chat|Zyphirex2|i haven't seen that one in battle","|","|switch|p2a: Vaporeon|Vaporeon, L74, M|102/314 slp","|move|p1a: Carvanha|Hydro Pump|p2a: Vaporeon","|-heal|p2a: Vaporeon|180/314 slp|[from] ability: Water Absorb|[of] p1a: Carvanha","|","|-heal|p1a: Carvanha|87/227 tox|[from] item: Leftovers","|-heal|p2a: Vaporeon|199/314 slp|[from] item: Leftovers","|-damage|p1a: Carvanha|3/227 tox|[from] psn","|turn|27","|callback|decision","|player|p2","|chat|Zyphirex2|lol","|player|p2|CWegz|170","|callback|decision","|chat|CWegz|its a cap","|","|cant|p2a: Vaporeon|slp","|move|p1a: Carvanha|Crunch|p2a: Vaporeon","|-damage|p2a: Vaporeon|64/314 slp","|","|-heal|p1a: Carvanha|17/227 tox|[from] item: Leftovers","|-heal|p2a: Vaporeon|83/314 slp|[from] item: Leftovers","|-damage|p1a: Carvanha|0 fnt|[from] psn","|faint|p1a: Carvanha","|callback|decision","|chat|Zyphirex2|yeah","|chat|Zyphirex2|i just haven't seen it in battle","|","|switch|p1a: Klang|Klang, L90|254/254","|turn|28","|callback|decision","|chat|CWegz|ive seen it a few times i think","|","|switch|p2a: Kyurem-White|Kyurem-White, L70|291/291","|-ability|p2a: Kyurem-White|Turboblaze","|move|p1a: Klang|Shift Gear|p1a: Klang","|-boost|p1a: Klang|atk|1","|-boost|p1a: Klang|spe|2","|","|turn|29","|callback|decision","|","|move|p1a: Klang|Gear Grind|p2a: Kyurem-White|[miss]","|-miss|p1a: Klang|p2a: Kyurem-White","|move|p2a: Kyurem-White|Fusion Flare|p1a: Klang","|-supereffective|p1a: Klang","|-damage|p1a: Klang|80/254","|","|turn|30","|callback|decision","|","|move|p1a: Klang|Gear Grind|p2a: Kyurem-White","|-supereffective|p2a: Kyurem-White","|-damage|p2a: Kyurem-White|49/291","|-supereffective|p2a: Kyurem-White","|-damage|p2a: Kyurem-White|0 fnt","|-hitcount|p2a: Kyurem-White|2","|-damage|p1a: Klang|55/254|[from] item: Life Orb","|faint|p2a: Kyurem-White","|","|callback|decision","|","|switch|p2a: Vaporeon|Vaporeon, L74, M|83/314 slp","|turn|31","|callback|decision","|player|p2","|player|p2|CWegz|170","|callback|decision","|chat|CWegz|This is seriously ridiculous","|","|move|p1a: Klang|Return|p2a: Vaporeon","|-damage|p2a: Vaporeon|0 fnt","|-damage|p1a: Klang|30/254|[from] item: Life Orb","|faint|p2a: Vaporeon","|","|callback|decision","|chat|CWegz|why do i disconnect so much :<","|","|switch|p2a: Colossoil|Colossoil, L74, F|278/319","|turn|32","|callback|decision","|","|move|p2a: Colossoil|Sucker Punch|p1a: Klang","|-resisted|p1a: Klang","|-damage|p1a: Klang|0 fnt","|faint|p1a: Klang","|","|-heal|p2a: Colossoil|297/319|[from] item: Leftovers","|callback|decision","|","|switch|p1a: Amoonguss|Amoonguss, L82, M|321/321 brn","|turn|33","|callback|decision","|","|switch|p2a: Butterfree|Butterfree, L86, M|228/243","|move|p1a: Amoonguss|Spore|p2a: Butterfree","|-status|p2a: Butterfree|slp","|","|-heal|p2a: Butterfree|243/243 slp|[from] item: Leftovers","|-damage|p1a: Amoonguss|281/321 brn|[from] brn","|turn|34","|callback|decision","|","|switch|p2a: Colossoil|Colossoil, L74, F|297/319","|switch|p1a: Meloetta|Meloetta, L78|284/284","|","|-heal|p2a: Colossoil|316/319|[from] item: Leftovers","|turn|35","|callback|decision","|","|switch|p1a: Mime Jr.|Mime Jr., L95, M|192/192 slp","|move|p2a: Colossoil|Crunch|p1a: Mime Jr.","|-supereffective|p1a: Mime Jr.","|-damage|p1a: Mime Jr.|30/192 slp","|-unboost|p1a: Mime Jr.|def|1","|","|-heal|p2a: Colossoil|319/319|[from] item: Leftovers","|-heal|p1a: Mime Jr.|42/192 slp|[from] item: Leftovers","|turn|36","|callback|decision","|","|move|p2a: Colossoil|Pursuit|p1a: Mime Jr.","|-supereffective|p1a: Mime Jr.","|-damage|p1a: Mime Jr.|0 fnt","|faint|p1a: Mime Jr.","|","|callback|decision","|","|switch|p1a: Amoonguss|Amoonguss, L82, M|321/321 brn","|turn|37","|callback|decision","|","|switch|p2a: Butterfree|Butterfree, L86, M|243/243 slp","|move|p1a: Amoonguss|Giga Drain|p2a: Butterfree","|-resisted|p2a: Butterfree","|-damage|p2a: Butterfree|225/243 slp","|","|-heal|p2a: Butterfree|240/243 slp|[from] item: Leftovers","|-damage|p1a: Amoonguss|281/321 brn|[from] brn","|turn|38","|callback|decision","|player|p2","|player|p2|CWegz|170","|callback|decision","|","|switch|p2a: Colossoil|Colossoil, L74, F|319/319","|switch|p1a: Meloetta|Meloetta, L78|284/284","|","|turn|39","|callback|decision","|","|move|p2a: Colossoil|Pursuit|p1a: Meloetta|[from]Pursuit","|-supereffective|p1a: Meloetta","|-damage|p1a: Meloetta|110/284","|switch|p1a: Amoonguss|Amoonguss, L82, M|321/321 brn","|","|-damage|p1a: Amoonguss|281/321 brn|[from] brn","|turn|40","|callback|decision","|","|move|p2a: Colossoil|U-turn|p1a: Amoonguss","|-damage|p1a: Amoonguss|221/321 brn","|callback|decision","|","|switch|p2a: Butterfree|Butterfree, L86, M|240/243 slp","|move|p1a: Amoonguss|Giga Drain|p2a: Butterfree","|-resisted|p2a: Butterfree","|-damage|p2a: Butterfree|222/243 slp","|-heal|p1a: Amoonguss|230/321 brn|[from] drain|[of] p2a: Butterfree","|","|-heal|p2a: Butterfree|237/243 slp|[from] item: Leftovers","|-damage|p1a: Amoonguss|190/321 brn|[from] brn","|turn|41","|callback|decision","|","|cant|p2a: Butterfree|slp","|move|p1a: Amoonguss|Giga Drain|p2a: Butterfree","|-resisted|p2a: Butterfree","|-damage|p2a: Butterfree|219/243 slp","|-heal|p1a: Amoonguss|199/321 brn|[from] drain|[of] p2a: Butterfree","|","|-heal|p2a: Butterfree|234/243 slp|[from] item: Leftovers","|-damage|p1a: Amoonguss|159/321 brn|[from] brn","|turn|42","|callback|decision","|","|cant|p2a: Butterfree|slp","|move|p1a: Amoonguss|Giga Drain|p2a: Butterfree","|-resisted|p2a: Butterfree","|-damage|p2a: Butterfree|215/243 slp","|-heal|p1a: Amoonguss|169/321 brn|[from] drain|[of] p2a: Butterfree","|","|-heal|p2a: Butterfree|230/243 slp|[from] item: Leftovers","|-damage|p1a: Amoonguss|129/321 brn|[from] brn","|turn|43","|callback|decision","|","|-curestatus|p2a: Butterfree|slp","|move|p2a: Butterfree|Substitute|p2a: Butterfree","|-start|p2a: Butterfree|Substitute","|-damage|p2a: Butterfree|170/243","|move|p1a: Amoonguss|Giga Drain|p2a: Butterfree","|-resisted|p2a: Butterfree","|-activate|p2a: Butterfree|Substitute|[damage]","|-heal|p1a: Amoonguss|139/321 brn|[from] drain|[of] p2a: Butterfree","|","|-heal|p2a: Butterfree|185/243|[from] item: Leftovers","|-damage|p1a: Amoonguss|99/321 brn|[from] brn","|turn|44","|callback|decision","|player|p2","|player|p2|CWegz|170","|callback|decision","|","|win|CWegz"],"p1rating":{"entryid":1127375,"formatid":"randombattle","userid":"zyphirex2","username":"Zyphirex2","r":1500,"rd":350,"sigma":0.06,"rpr":1337.6891074328,"rprd":290.31896252483,"rpsigma":0.059999269601799,"gxe":37,"rptime":1373760000,"w":0,"l":1,"t":0,"acre":928.9453706669,"lacre":-4071.0546293331,"oldacre":1007.0121159332,"oldrdacre":844.70122336593},"p2rating":{"entryid":1127376,"formatid":"randombattle","userid":"cwegz","username":"CWegz","r":1500,"rd":350,"sigma":0.06,"rpr":1662.3108925672,"rprd":290.31896252483,"rpsigma":0.059999269601799,"gxe":63,"rptime":1373760000,"w":1,"l":0,"t":0,"acre":1253.5671558013,"lacre":-3746.4328441987,"oldacre":1007.0121159332,"oldrdacre":1169.3230085004},"endType":"forfeit"}