{"turns":28,"p1":"The Tervari Police","p2":"The Tervari Fire D","p1team":[{"name":"Tomohawk","moves":["airslash","aurasphere","rapidspin","roost"],"ability":"Prankster","evs":{"hp":85,"atk":85,"def":85,"spa":85,"spd":85,"spe":85},"ivs":{"hp":31,"atk":31,"def":31,"spa":31,"spd":31,"spe":31},"item":"Leftovers","level":74,"shiny":false},{"name":"Doduo","moves":["bravebird","return","roost","quickattack"],"ability":"Early Bird","evs":{"hp":85,"atk":85,"def":85,"spa":85,"spd":85,"spe":85},"ivs":{"hp":31,"atk":31,"def":31,"spa":31,"spd":31,"spe":31},"item":"Leftovers","level":95,"shiny":false},{"name":"Blaziken","moves":["bravebird","hijumpkick","substitute","flareblitz"],"ability":"Speed Boost","evs":{"hp":85,"atk":85,"def":85,"spa":85,"spd":85,"spe":85},"ivs":{"hp":31,"atk":31,"def":31,"spa":31,"spd":31,"spe":31},"item":"Leftovers","level":74,"shiny":false},{"name":"Cradily","moves":["earthquake","swordsdance","seedbomb","stockpile"],"ability":"Storm Drain","evs":{"hp":85,"atk":85,"def":85,"spa":85,"spd":85,"spe":85},"ivs":{"hp":31,"atk":31,"def":31,"spa":31,"spd":31,"spe":31},"item":"Leftovers","level":86,"shiny":false},{"name":"Galvantula","moves":["bugbuzz","gigadrain","voltswitch","hiddenpowerice"],"ability":"Swarm","evs":{"hp":85,"atk":85,"def":85,"spa":85,"spd":85,"spe":85},"ivs":{"hp":31,"atk":30,"def":30,"spa":31,"spd":31,"spe":31},"item":"Choice Specs","level":82,"shiny":false},{"name":"Manectric","moves":["voltswitch","overheat","switcheroo","hiddenpowerice"],"ability":"Lightningrod","evs":{"hp":85,"atk":85,"def":85,"spa":85,"spd":85,"spe":85},"ivs":{"hp":31,"atk":30,"def":30,"spa":31,"spd":31,"spe":31},"item":"Choice Specs","level":82,"shiny":false}],"p2team":[{"name":"Oddish","moves":["hiddenpowerfire","sludgebomb","leechseed","toxic"],"ability":"Chlorophyll","evs":{"hp":85,"atk":85,"def":85,"spa":85,"spd":85,"spe":85},"ivs":{"hp":31,"atk":30,"def":31,"spa":30,"spd":31,"spe":30},"item":"Focus Sash","level":95,"shiny":false},{"name":"Tangela","moves":["knockoff","synthesis","leechseed","leafstorm"],"ability":"Regenerator","evs":{"hp":85,"atk":85,"def":85,"spa":85,"spd":85,"spe":85},"ivs":{"hp":31,"atk":30,"def":30,"spa":31,"spd":31,"spe":31},"item":"Leftovers","level":86,"shiny":false},{"name":"Kingdra","moves":["outrage","icebeam","waterfall","substitute"],"ability":"Sniper","evs":{"hp":85,"atk":85,"def":85,"spa":85,"spd":85,"spe":85},"ivs":{"hp":31,"atk":31,"def":31,"spa":31,"spd":31,"spe":31},"item":"Leftovers","level":78,"shiny":false},{"name":"Accelgor","moves":["hiddenpowerrock","focusblast","bugbuzz","yawn"],"ability":"Unburden","evs":{"hp":85,"atk":85,"def":85,"spa":85,"spd":85,"spe":85},"ivs":{"hp":31,"atk":31,"def":30,"spa":31,"spd":30,"spe":30},"item":"Bug Gem","level":82,"shiny":false},{"name":"Dusknoir","moves":["willowisp","substitute","focuspunch","icebeam"],"ability":"Pressure","evs":{"hp":85,"atk":85,"def":85,"spa":85,"spd":85,"spe":85},"ivs":{"hp":31,"atk":31,"def":31,"spa":31,"spd":31,"spe":31},"item":"Leftovers","level":82,"shiny":false},{"name":"Gabite","moves":["fireblast","outrage","stoneedge","earthquake"],"ability":"Rough Skin","evs":{"hp":85,"atk":85,"def":85,"spa":85,"spd":85,"spe":85},"ivs":{"hp":31,"atk":31,"def":31,"spa":31,"spd":31,"spe":31},"item":"Expert Belt","level":86,"shiny":false}],"log":["|player|p1|The Tervari Police|10","|player|p2|The Tervari Fire D|265","|gametype|singles","|tier|Tervari Random Battle","|rated","|rule|Sleep Clause Mod: Limit one foe put to sleep","|rule|HP Percentage Mod: HP is reported as percentages","|","|start","|switch|p1a: Tomohawk|Tomohawk, L74, M|277/277","|switch|p2a: Oddish|Oddish, L95, F|239/239","|turn|1","|callback|decision","|","|switch|p2a: Dusknoir|Dusknoir, L82, M|208/208","|-ability|p2a: Dusknoir|Pressure","|move|p1a: Tomohawk|Air Slash|p2a: Dusknoir|[miss]","|-miss|p1a: Tomohawk|p2a: Dusknoir","|","|turn|2","|callback|decision","|","|-singleturn|p2a: Dusknoir|move: Focus Punch","|switch|p1a: Blaziken|Blaziken, L74, F|240/240","|move|p2a: Dusknoir|Focus Punch|p1a: Blaziken","|-damage|p1a: Blaziken|100/240","|","|-heal|p1a: Blaziken|115/240|[from] item: Leftovers","|turn|3","|callback|decision","|","|move|p1a: Blaziken|Flare Blitz|p2a: Dusknoir","|-damage|p2a: Dusknoir|121/208","|-damage|p1a: Blaziken|86/240|[from] recoil|[of] p2a: Dusknoir","|move|p2a: Dusknoir|Substitute|p2a: Dusknoir","|-start|p2a: Dusknoir|Substitute","|-damage|p2a: Dusknoir|69/208","|","|-heal|p1a: Blaziken|101/240|[from] item: Leftovers","|-heal|p2a: Dusknoir|82/208|[from] item: Leftovers","|-boost|p1a: Blaziken|spe|1|[from] ability: Speed Boost","|turn|4","|callback|decision","|","|-singleturn|p2a: Dusknoir|move: Focus Punch","|move|p1a: Blaziken|Substitute|p1a: Blaziken","|-start|p1a: Blaziken|Substitute","|-damage|p1a: Blaziken|41/240","|move|p2a: Dusknoir|Focus Punch|p1a: Blaziken","|-end|p1a: Blaziken|Substitute","|","|-heal|p1a: Blaziken|56/240|[from] item: Leftovers","|-heal|p2a: Dusknoir|95/208|[from] item: Leftovers","|-boost|p1a: Blaziken|spe|1|[from] ability: Speed Boost","|turn|5","|callback|decision","|","|-singleturn|p2a: Dusknoir|move: Focus Punch","|move|p1a: Blaziken|Brave Bird|p2a: Dusknoir","|-end|p2a: Dusknoir|Substitute","|-damage|p1a: Blaziken|39/240|[from] recoil|[of] p2a: Dusknoir","|move|p2a: Dusknoir|Focus Punch|p1a: Blaziken","|-damage|p1a: Blaziken|0 fnt","|faint|p1a: Blaziken","|","|-heal|p2a: Dusknoir|108/208|[from] item: Leftovers","|callback|decision","|","|switch|p1a: Manectric|Manectric, L82, F|249/249","|turn|6","|callback|decision","|","|move|p1a: Manectric|Switcheroo|p2a: Dusknoir","|-activate|p1a: Manectric|move: Trick|[of] p2a: Dusknoir","|-item|p2a: Dusknoir|Choice Specs|[from] Trick","|-item|p1a: Manectric|Leftovers|[from] Trick","|move|p2a: Dusknoir|Substitute|p2a: Dusknoir","|-start|p2a: Dusknoir|Substitute","|-damage|p2a: Dusknoir|56/208","|","|turn|7","|callback|decision","|","|move|p1a: Manectric|Volt Switch|p2a: Dusknoir","|-end|p2a: Dusknoir|Substitute","|callback|decision","|","|switch|p1a: Tomohawk|Tomohawk, L74, M|277/277","|move|p2a: Dusknoir|Substitute|p2a: Dusknoir","|-start|p2a: Dusknoir|Substitute","|-damage|p2a: Dusknoir|4/208","|","|turn|8","|callback|decision","|","|switch|p2a: Kingdra|Kingdra, L78, F|245/245","|move|p1a: Tomohawk|Air Slash|p2a: Kingdra","|-damage|p2a: Kingdra|172/245","|","|-heal|p2a: Kingdra|187/245|[from] item: Leftovers","|turn|9","|callback|decision","|","|move|p2a: Kingdra|Ice Beam|p1a: Tomohawk","|-supereffective|p1a: Tomohawk","|-damage|p1a: Tomohawk|131/277","|move|p1a: Tomohawk|Aura Sphere|p2a: Kingdra","|-damage|p2a: Kingdra|96/245","|","|-heal|p2a: Kingdra|111/245|[from] item: Leftovers","|-heal|p1a: Tomohawk|148/277|[from] item: Leftovers","|turn|10","|callback|decision","|","|move|p1a: Tomohawk|Roost|p1a: Tomohawk","|-heal|p1a: Tomohawk|277/277","|move|p2a: Kingdra|Ice Beam|p1a: Tomohawk","|-damage|p1a: Tomohawk|204/277","|","|-heal|p2a: Kingdra|126/245|[from] item: Leftovers","|-heal|p1a: Tomohawk|221/277|[from] item: Leftovers","|turn|11","|callback|decision","|","|move|p2a: Kingdra|Outrage|p1a: Tomohawk","|-damage|p1a: Tomohawk|103/277","|move|p1a: Tomohawk|Air Slash|p2a: Kingdra","|-damage|p2a: Kingdra|57/245","|","|-heal|p2a: Kingdra|72/245|[from] item: Leftovers","|-heal|p1a: Tomohawk|120/277|[from] item: Leftovers","|turn|12","|callback|decision","|","|move|p2a: Kingdra|Outrage|p1a: Tomohawk","|-damage|p1a: Tomohawk|2/277","|move|p1a: Tomohawk|Aura Sphere|p2a: Kingdra","|-damage|p2a: Kingdra|0 fnt","|faint|p2a: Kingdra","|","|-heal|p1a: Tomohawk|19/277|[from] item: Leftovers","|callback|decision","|","|switch|p2a: Gabite|Gabite, L86, F|257/257","|turn|13","|callback|decision","|","|move|p1a: Tomohawk|Roost|p1a: Tomohawk","|-heal|p1a: Tomohawk|158/277","|move|p2a: Gabite|Stone Edge|p1a: Tomohawk","|-resisted|p1a: Tomohawk","|-damage|p1a: Tomohawk|122/277","|","|-heal|p1a: Tomohawk|139/277|[from] item: Leftovers","|turn|14","|callback|decision","|","|move|p2a: Gabite|Outrage|p1a: Tomohawk","|-damage|p1a: Tomohawk|0 fnt","|faint|p1a: Tomohawk","|","|callback|decision","|","|switch|p1a: Cradily|Cradily, L86, M|288/288","|turn|15","|callback|decision","|","|move|p2a: Gabite|Outrage|p1a: Cradily","|-damage|p1a: Cradily|183/288","|move|p1a: Cradily|Swords Dance|p1a: Cradily","|-boost|p1a: Cradily|atk|2","|","|-heal|p1a: Cradily|201/288|[from] item: Leftovers","|turn|16","|callback|decision","|","|move|p2a: Gabite|Outrage|p1a: Cradily","|-damage|p1a: Cradily|78/288","|move|p1a: Cradily|Seed Bomb|p2a: Gabite","|-damage|p2a: Gabite|71/257","|","|-end|p2a: Gabite|rampage","|-start|p2a: Gabite|confusion","|-heal|p1a: Cradily|96/288|[from] item: Leftovers","|turn|17","|callback|decision","|","|-activate|p2a: Gabite|confusion","|move|p2a: Gabite|Earthquake|p1a: Cradily","|-damage|p1a: Cradily|6/288","|move|p1a: Cradily|Seed Bomb|p2a: Gabite","|-damage|p2a: Gabite|0 fnt","|faint|p2a: Gabite","|","|-heal|p1a: Cradily|24/288|[from] item: Leftovers","|callback|decision","|","|switch|p2a: Accelgor|Accelgor, L82, M|265/265","|turn|18","|callback|decision","|","|switch|p1a: Galvantula|Galvantula, L82, F|249/249","|move|p2a: Accelgor|Bug Buzz|p1a: Galvantula","|-enditem|p2a: Accelgor|Bug Gem|[from] gem|[move] Bug Buzz","|-damage|p1a: Galvantula|57/249","|","|turn|19","|callback|decision","|","|move|p2a: Accelgor|Hidden Power|p1a: Galvantula","|-supereffective|p1a: Galvantula","|-damage|p1a: Galvantula|0 fnt","|faint|p1a: Galvantula","|","|callback|decision","|","|switch|p1a: Doduo|Doduo, L95, F|220/220","|turn|20","|callback|decision","|","|move|p2a: Accelgor|Yawn|p1a: Doduo","|-start|p1a: Doduo|move: Yawn|[of] p2a: Accelgor","|move|p1a: Doduo|Brave Bird|p2a: Accelgor","|-supereffective|p2a: Accelgor","|-damage|p2a: Accelgor|0 fnt","|-damage|p1a: Doduo|133/220|[from] recoil|[of] p2a: Accelgor","|faint|p2a: Accelgor","|","|-heal|p1a: Doduo|146/220|[from] item: Leftovers","|callback|decision","|","|switch|p2a: Dusknoir|Dusknoir, L82, M|4/208","|-ability|p2a: Dusknoir|Pressure","|turn|21","|callback|decision","|","|move|p1a: Doduo|Return|p2a: Dusknoir","|-immune|p2a: Dusknoir|[msg]","|move|p2a: Dusknoir|Ice Beam|p1a: Doduo","|-crit|p1a: Doduo","|-supereffective|p1a: Doduo","|-damage|p1a: Doduo|0 fnt","|faint|p1a: Doduo","|","|callback|decision","|","|switch|p1a: Manectric|Manectric, L82, F|249/249","|turn|22","|callback|decision","|","|move|p1a: Manectric|Volt Switch|p2a: Dusknoir","|-damage|p2a: Dusknoir|0 fnt","|faint|p2a: Dusknoir","|callback|decision","|","|switch|p1a: Cradily|Cradily, L86, M|24/288","|","|-heal|p1a: Cradily|42/288|[from] item: Leftovers","|callback|decision","|","|switch|p2a: Tangela|Tangela, L86, F|252/252","|turn|23","|callback|decision","|","|move|p2a: Tangela|Knock Off|p1a: Cradily","|-damage|p1a: Cradily|33/288","|-enditem|p1a: Cradily|Leftovers|[from] move: Knock Off|[of] p2a: Tangela","|move|p1a: Cradily|Stockpile|p1a: Cradily","|-start|p1a: Cradily|stockpile1","|-boost|p1a: Cradily|def|1","|-boost|p1a: Cradily|spd|1","|","|turn|24","|callback|decision","|","|move|p2a: Tangela|Leaf Storm|p1a: Cradily","|-damage|p1a: Cradily|0 fnt","|-unboost|p2a: Tangela|spa|2","|faint|p1a: Cradily","|","|callback|decision","|","|switch|p1a: Manectric|Manectric, L82, F|249/249","|turn|25","|callback|decision","|","|move|p1a: Manectric|Hidden Power|p2a: Tangela","|-supereffective|p2a: Tangela","|-damage|p2a: Tangela|98/252","|move|p2a: Tangela|Leech Seed|p1a: Manectric","|-start|p1a: Manectric|move: Leech Seed","|","|-heal|p2a: Tangela|113/252|[from] item: Leftovers","|-damage|p1a: Manectric|218/249|[from] Leech Seed|[of] p2a: Tangela","|-heal|p2a: Tangela|144/252|[silent]","|turn|26","|callback|decision","|","|move|p1a: Manectric|Hidden Power|p2a: Tangela","|-supereffective|p2a: Tangela","|-damage|p2a: Tangela|0 fnt","|faint|p2a: Tangela","|","|-heal|p1a: Manectric|233/249|[from] item: Leftovers","|callback|decision","|","|switch|p2a: Oddish|Oddish, L95, F|239/239","|turn|27","|callback|decision","|","|move|p1a: Manectric|Overheat|p2a: Oddish","|-supereffective|p2a: Oddish","|-damage|p2a: Oddish|1/239","|-unboost|p1a: Manectric|spa|2","|move|p2a: Oddish|Sludge Bomb|p1a: Manectric","|-damage|p1a: Manectric|107/249","|","|-heal|p1a: Manectric|122/249|[from] item: Leftovers","|-damage|p1a: Manectric|91/249|[from] Leech Seed|[of] p2a: Oddish","|-heal|p2a: Oddish|32/239|[silent]","|turn|28","|callback|decision","|","|move|p1a: Manectric|Overheat|p2a: Oddish","|-supereffective|p2a: Oddish","|-damage|p2a: Oddish|0 fnt","|-unboost|p1a: Manectric|spa|2","|faint|p2a: Oddish","|","|win|The Tervari Police"],"p1rating":{"entryid":1080552,"formatid":"tervarirandombattle","userid":"thetervaripolice","username":"The Tervari Police","r":1500,"rd":350,"sigma":0.06,"rpr":1662.3108925672,"rprd":290.31896252483,"rpsigma":0.059999269601799,"gxe":63,"rptime":1373500800,"w":1,"l":0,"t":0,"acre":1253.5671558013,"lacre":-3746.4328441987,"oldacre":1007.0121159332,"oldrdacre":1169.3230085004},"p2rating":{"entryid":1080553,"formatid":"tervarirandombattle","userid":"thetervarifired","username":"The Tervari Fire D","r":1500,"rd":350,"sigma":0.06,"rpr":1337.6891074328,"rprd":290.31896252483,"rpsigma":0.059999269601799,"gxe":37,"rptime":1373500800,"w":0,"l":1,"t":0,"acre":928.9453706669,"lacre":-4071.0546293331,"oldacre":1007.0121159332,"oldrdacre":844.70122336593},"endType":"normal"}